2132 2860
718 216 768 267 ΐὲἓ
895 218 948 265 ἓ
1068 216 1119 267 et·
1605 232 1674 268 535

170 309 206 420 ἱ
247 311 357 369 Jetus
385 317 541 356 verbum
567 318 635 365 est,
667 318 791 356 Deum
813 321 937 357 omnia
961 319 1148 370 pondere,
1174 309 1346 358 'mensura
1368 332 1524 359 numero
1547 319 1675 359 fecisse.

307 375 394 411 Sunt
411 386 530 411 autem
546 387 639 424 quae
656 375 855 424 ponderari
871 388 947 412 non
965 375 1128 425 possunt,
1146 375 1276 413 scilicet
1291 388 1383 424 quae
1399 379 1475 413 vim
1490 377 1529 414 δε
1547 387 1676 426 poten-

305 431 394 467 tiam
418 431 555 467 nullam
577 430 714 467 habent
722 444 732 477 3
764 430 843 468 (unt
865 432 975 468 etiam
999 443 1091 480 quae
1114 443 1238 469 carent
1259 431 1421 482 partibus
1447 444 1487 468 ac
1514 430 1673 482 proinde

153 484 361 523 mensuram
378 498 455 523 non
473 487 665 536 recipiunt.
710 485 782 523 Sed
798 486 889 522 nihil
906 485 955 523 est
970 485 1071 535 quod
1089 499 1284 524 numerum
1300 500 1375 524 non
1394 489 1558 537 patiatur.
1608 488 1673 523 Ita-

155 553 228 589 que
252 553 429 579 numerus
453 540 553 590 quasi
577 541 695 592 figura
718 540 898 590 quaedam
919 541 1175 593 Metaphysica
1196 541 1265 588 est,
1296 543 1336 581 &
1357 543 1600 581 Arithmetica
1623 542 1673 581 est

154 595 338 645 quaedam
356 597 487 634 Statica
503 597 681 643 universi,
711 609 782 646 qua
797 608 922 634 rerum
936 599 1122 647 potentiae
1136 599 1386 648 explorantur.

270 708 350 755 Jam
364 707 451 745 inde
470 721 490 745 a
503 708 719 759 Pythagora
737 707 893 757 persuasl
908 707 1055 746 fuerunt
1071 708 1262 755 homines,
1283 710 1443 747 maxima
1457 710 1496 747 in
1512 709 1676 748 numeris

156 762 330 815 mysteria
345 765 468 803 latere.
527 764 572 799 Et
589 763 845 813 Pythagoram
863 763 1037 800 credibile
1053 763 1122 808 est,
1151 775 1190 800 ut
1206 765 1273 801 alia
1287 766 1397 802 multa
1412 766 1459 802 ita
1474 765 1568 802 hanc
1584 778 1674 814 quo-

158 831 231 867 que
253 819 472 867 opinionem
493 830 540 856 ex
558 817 716 855 Oriente
739 817 889 855 attuliss'e
913 819 952 854 in
971 818 1179 856 Graeciam.
1237 819 1309 856 Sed
1333 832 1417 856 cum
1441 832 1528 858 vera
1552 822 1674 858 arcani

155 873 269 910 clavis
287 874 541 923 ignoraretur,
571 871 659 920 lapsi
683 871 764 908 sunt
788 871 1005 909 curioslores
1027 869 1204 910 in⁴“fu'tilia
1229 874 1269 912 ὃς.
1292 873 1548 924 superstitiosa,
1577 875 1677 913 unde

156 940 240 966 nata
265 927 314 964 est
338 926 502 964 Cabbala
529 925 710 974 quaedam
735 926 917 976 vulgaris,
958 926 978 963 a
1002 938 1090 964 vera
1113 928 1226 977 longe
1251 939 1414 973 remota,
1453 930 1493 966 δι
1518 931 1679 979 ineptiae

156 983 377 1032 multiplices
394 980 582 1018 cuiusdam
600 980 675 1018 falfi
693 982 854 1019 nominis
867 982 1040 1031 Magiae,
1071 981 1201 1030 quibus
1221 983 1321 1032 pleni
1337 981 1417 1019 sunt
1433 983 1526 1020 libri.
1584 985 1679 1022 Inte-

158 1049 222 1076 rea
241 1036 344 1074 insita
359 1035 489 1074 mansit
503 1036 716 1074 hominibus
731 1036 882 1074 facilitas
897 1035 1073 1074 credendi
1089 1036 1242 1074 mirifica
1258 1038 1414 1075 inveniri
1432 1037 1534 1087 poffe
1553 1050 1678 1076 nume-

157 1094 228 1139 ris,
258 1091 528 1129 charaeteribus
552 1092 592 1129 ὃς,
615 1093 739 1142 lingua
760 1091 920 1140 quadam
947 1105 1064 1140 nova,
1093 1105 1205 1143 quam
1228 1093 1338 1143 aliqui
1356 1091 1595 1141 Adamicam‚
1624 1094 1679 1142 Ja-

159 1148 275 1187 cobus
291 1147 479 1187 Bohemus
496 1146 549 1186 die
564 1147 869 1200 Natur-Spraclze
883 1159 1003 1186 vocat.

274 1259 346 1299 Sed
369 1259 489 1298 nescio
512 1274 559 1298 an
581 1262 776 1311 quisquam
801 1262 1011 1299 mortalium
1035 1273 1164 1299 veram
1186 1262 1367 1299 rationem
1389 1260 1566 1300 haetenus
1595 1272 1678 1312 per-

157 1314 337 1366 spexerit,
381 1330 453 1365 qua
476 1319 607 1366 cuique
633 1319 688 1354 rei
712 1329 885 1354 numerus
910 1316 991 1354 suus
1022 1316 1331 1355 chat-a&e1·isticus
1361 1316 1529 1368 assignari
1559 1316 1678 1366 poffit.

158 1372 264 1409 Nam
280 1371 506 1409 eruditissimi
525 1372 695 1409 homines
711 1385 794 1409 cum
810 1371 944 1421 aliquid
962 1371 1172 1409 huiusmodi
1189 1373 1306 1409 obiter
1323 1371 1418 1422 apud
1436 1372 1531 1422 ipsos
1547 1371 1677 1421 attigiss

159 1425 256 1473 sem,
285 1426 360 1464 faffi
383 1427 461 1463 sunt
486 1427 520 1464 se
546 1440 623 1464 non
646 1429 851 1477 intelligere
877 1426 966 1475 quid
989 1427 1160 1464 dicerem.
1221 1428 1265 1464 Et
1290 1440 1510 1475 quamquam
1537 1426 1678 1464 dudum

159 1483 304 1532 egregii
322 1481 473 1531 quidam
491 1484 561 1519 viri
581 1484 875 1532 excogitaverint
891 1484 1053 1532 linguam
1071 1482 1254 1531 quandam
1269 1482 1325 1519 seu
1337 1481 1679 1519 Charae‘teristicam

159 1536 420 1582 universalem,
450 1550 520 1586 qua
543 1539 714 1575 notiones
736 1549 844 1586 atque
866 1550 925 1574 res
949 1549 1080 1574 omnes
1103 1538 1255 1586 pulchre
1282 1537 1500 1574 ordinantur
1525 1538 1563 1574 ἃ.
1579 1538 1680 1575 cuius

160 1593 296 1630 auxilio
314 1591 477 1629 diversae
495 1595 661 1630 nationes
679 1594 789 1630 animi
807 1588 904 1630 sensa
920 1594 1192 1630 communicare
1215 1593 1252 1629 ὃς
1277 1605 1368 1640 quae
1384 1589 1522 1641 scripsit
1538 1593 1626 1629 alter
1642 1594 1681 1630 in

159 1646 220 1685 sua
235 1649 390 1696 quisque
407 1649 531 1698 lingua
548 1649 672 1698 legere
695 1659 821 1697 queat,
852 1660 964 1685 nemo
987 1659 1107 1684 tamen
1134 1646 1320 1697 aggressus
1345 1646 1394 1683 est
1417 1648 1580 1697 linguam
1604 1646 1679 1684 sive

163 1702 512 1748 Charaeteristiccn,
541 1705 579 1740 in
605 1716 676 1751 qua
701 1703 804 1739 simul
827 1716 884 1740 ars
910 1701 1121 1739 inveniendi
1146 1702 1185 1739 δε
1207 1700 1390 1738 iudicandi
1414 1703 1681 1738 contineretur:

162 1757 201 1794 id
218 1757 267 1794 est
284 1756 383 1795 cuius
399 1769 508 1795 notae
531 1759 570 1795 ὃ(
588 1757 816 1795 εῇειᾞᾶὶειᾞς
834 1756 1059 1808 praestarent
1073 1757 1172 1794 idem
1189 1756 1290 1805 quod
1307 1767 1414 1793 notae
1431 1756 1681 1794 arithmeticae

162 1814 200 1850 in
222 1814 384 1850 numeris
409 1813 449 1850 δι
471 1813 698 1863 algebraicae
719 1814 757 1849 in
779 1812 1094 1863 magnitudinibus
1120 1810 1294 1848 absh-aue
1319 1811 1461 1857 sumtis3
1494 1812 1533 1849 &
1557 1822 1681 1849 tamen

161 1867 308 1905 videtur
323 1868 444 1913 Deus,
475 1881 560 1904 curn
583 1868 647 1904 has
671 1867 759 1904 duas
784 1867 948 1904 scientias
967 1868 1094 1917 generi
1112 1866 1275 1903 humano
1291 1867 1441 1916 largitus
1459 1865 1526 1912 est,
1557 1865 1684 1904 admo·-

161 1933 250 1960 nere
267 1934 335 1958 nos
354 1921 522 1967 voluisse,
552 1923 662 1959 latere
686 1923 722 1958 in
740 1921 865 1960 nostro
883 1921 1066 1959 intellec-stu
1084 1934 1256 1959 arcanum
1280 1922 1393 1971 longe
1416 1923 1550 1969 maius,
1581 1923 1682 1960 cuius

161 1976 230 2014 hae
247 1987 388 2014 tantum
403 1977 554 2013 umbrae
573 1975 694 2014 essent.

277 2086 432 2125 Fa8um
449 2086 499 2124 est
515 2098 655 2133 autem,
685 2086 806 2124 nescio
824 2100 898 2135 quo
916 2086 1010 2133 fato,
1039 2098 1078 2124 ut
1097 2099 1170 2138 ego
1187 2086 1306 2125 adhuc
1328 2099 1420 2138 puer
1443 2089 1480 2125 in
1502 2088 1566 2126 has
1585 2088 1683 2138 cogi·

163 2144 319 2180 tationes
334 2141 548 2188 inciderem,
579 2155 684 2191 quae,
706 2155 744 2179 ut
766 2141 881 2180 solent
898 2145 1038 2192 primae
1057 2144 1322 2189 inclinationes,
1340 2142 1463 2193 postea
1478 2143 1620 2192 semper
1638 2143 1684 2180 al-

165 2197 295 2235 tiffime
314 2197 448 2234 infixae
472 2199 587 2234 menti
610 2197 765 2234 haesere.
825 2198 913 2235 Duo
935 2199 1027 2234 mihi
1050 2198 1224 2247 profuere
1245 2198 1400 2235 mirifice
1430 2200 1535 2246 (quae
1561 2209 1684 2234 tamen

163 2254 300 2301 alioqui
325 2253 496 2303 ambigua
521 2253 560 2290 &
582 2253 746 2302 pluribus
769 2255 879 2290 noxia
902 2252 970 2290 ess'e
995 2252 1123 2302 solent)
1140 2255 1321 2303 primum,
1350 2253 1450 2301 quod
1474 2253 1550 2289 fere
1574 2252 1685 2290 effem

163 2307 414 2358 ἐίυτεδίδακτες,
454 2309 609 2346 alterum
636 2308 739 2358 quod
764 2320 980 2357 quaererem
1006 2321 1105 2347 nova
1136 2311 1173 2347 in
1200 2320 1417 2358 unaquaque
1444 2307 1608 2354 scientia,
1647 2318 1687 2344 ut

1615 2363 1688 2413 pri-
