2164 2844
520 209 596 244 5¹0
727 190 1110 231 DIALOGVS
1169 192 1254 229 DE
1317 188 1833 230 CONNEXIONE

517 296 563 332 A.
586 293 681 330 Non
698 303 780 328 mea
796 290 886 327 haec
904 288 1001 335 sunt,
1033 287 1094 325 sed
1110 287 1291 339 ingeniosi
1310 287 1514 326 admodum
1537 287 1756 339 scriptoris?

520 384 558 420 B.

523 607 569 643 J>

535 2231 575 2268 B.

591 380 750 418 Adeone
774 381 969 428 quisquam
995 391 1015 415 a
1037 378 1137 416 bona
1161 390 1287 415 mente
1307 377 1493 416 discedere
1511 378 1649 429 potest,
1680 390 1720 417 ut
1742 377 1808 417 sibi
1831 376 2050 430 persuadeat

590 439 785 475 veritatem
807 433 875 472 ess'e
902 435 1130 472 arbitrariam
1158 434 1196 471 δε
1216 447 1235 471 a
1253 434 1466 472 nominibus
1483 435 1646 485 pendere
1662 463 1672 482 ‚
1705 448 1790 472 eum
1814 445 1938 472 tamen
1962 448 2049 473 con-

593 492 659 531 stet
675 490 831 529 eandem
848 489 916 528 ess'e
935 491 1189 536 Graecorum,
1206 490 1442 537 Latinorum,
1466 491 1746 529 Germanorum
1761 489 2049 529 Geometriam?

594 604 709 642 Rode
725 605 786 641 ais.
846 604 987 640 Interea
1005 601 1207 639 difficultati
1223 601 1513 639 satisfaciendum
1531 602 1590 640 est.

594 680 682 716 Hoc
707 691 820 714 unum
844 690 903 714 me
927 676 1021 713 male
1046 677 1177 720 habet,
1225 676 1328 725 quod
1358 668 1547 725 nunquem
1580 689 1598 712 a
1625 688 1685 713 me
1715 676 1826 713 ullam
1856 676 2052 714 veritatem

595 733 762 785 agnosci,
793 734 970 777 inveniri,
997 732 1150 782 probari
1179 730 1435 771 animadverto
1462 731 1527 769 nisi
1552 731 1740 769 vocabulis
1764 732 1825 771 vel
1843 732 1920 770 aliis
1937 730 2052 783 signis·

593 792 632 828 in
651 791 775 826 animo
794 787 974 825 adhibitis.

564 932 571 939 .
594 902 675 938 Imo
692 900 718 938 si
735 899 964 936 chat-asteres
982 897 1160 944 abessent,
1189 908 1378 946 nunquam
1394 896 1592 947 quicquam
1609 892 1775 934 distin&e
1791 897 2054 948 cogitaremus,

598 967 718 1004 neque
741 956 1053 991 ratiocinaremur.

595 1034 646 1070 At
668 1030 817 1080 quando
844 1030 981 1080 figuras
1007 1030 1247 1067 Geometriae
1272 1028 1502 1080 inspicimus,
1537 1027 1642 1080 saepe
1667 1041 1714 1068 ex
1736 1040 1903 1068 accurata
1926 1040 2055 1068 earum

598 1087 838 1124 meditatione
855 1087 1027 1123 veritates
1046 1087 1217 1122 eruimus.

567 1230 573 1237 .
594 1200 647 1236 Ita
664 1197 711 1235 est
722 1212 730 1244 3
762 1196 821 1234 sed
839 1196 1025 1234 sciendum
1044 1198 1153 1233 etiam
1169 1196 1236 1233 has
1253 1195 1390 1246 figuras
1409 1195 1596 1234 habendas
1615 1208 1686 1247 pro
1705 1194 1970 1242 cau-astamus,
1992 1208 2054 1234 ne-

600 1266 672 1303 que
697 1254 794 1290 enim
819 1253 972 1289 circulus
998 1254 1035 1288 in
1059 1251 1183 1288 charta
1209 1251 1409 1300 descriptus
1434 1264 1544 1288 verus
1572 1251 1622 1289 est
1647 1252 1821 1298 circulus,
1863 1263 1983 1300 neque
2013 1251 2054 1288 id

600 1322 694 1360 opus
712 1308 761 1345 est
777 1307 839 1345 sed
854 1307 982 1345 suffieit
1000 1320 1084 1345 eum
1110 1319 1129 1344 a
1147 1307 1255 1344 nobis
1271 1319 1342 1356 pro
1361 1308 1498 1344 circulo
1516 1307 1654 1344 haberi.

598 1386 723 1422 Habet
748 1397 870 1422 tamen
894 1383 1165 1422 similitudinem
1189 1382 1375 1434 quandam
1397 1397 1482 1422 cum
1510 1384 1666 1430 circulo,
1697 1395 1816 1434 eaque
1839 1395 1938 1422 certe
1963 1383 2055 1422 arbi-

600 1443 710 1478 traria
729 1454 806 1478 non
827 1439 885 1477 cst.

571 1582 577 1589 .
602 1553 753 1597 Fateor,
785 1550 945 1600 ideoque
961 1551 1132 1589 utilillimi
1152 1551 1404 1589 charaeoerum
1426 1550 1504 1589 sunt
1524 1552 1676 1602 figurae.
1736 1550 1808 1589 Sed
1830 1564 1941 1601 quam
1964 1550 2057 1588 fimi-

604 1606 796 1645 litudinem
812 1606 880 1644 esse
896 1618 1001 1656 putas
1018 1609 1113 1644 inter
1131 1607 1321 1645 denarium
1344 1608 1383 1645 δε
1396 1607 1649 1646 ςῇεταὲὶεῐειῃ
1671 1620 1683 1644 1
1694 1605 1747 1644 0‘?

563 1727 570 1734 .
600 1695 661 1733 Est
677 1697 794 1744 aliqua
811 1696 938 1732 relatio
954 1694 1013 1732 seu
1031 1695 1126 1732 ordo
1143 1697 1180 1733 in
1199 1695 1489 1744 charaeteribus‚
1520 1698 1582 1748 qui
1606 1698 1644 1734 in
1670 1696 1800 1744 rebus,
1830 1696 2012 1747 imprimis
2030 1693 2058 1735 fi

604 1751 832 1789 charaffoeres
853 1749 920 1788 sint
937 1750 1032 1788 bene
1048 1752 1198 1788 inventi.

571 1895 577 1902 .
600 1863 706 1910 Est03
732 1861 793 1899 sed
811 1875 921 1911 quam
938 1861 1211 1900 similitudinem
1230 1876 1313 1899 cum
1330 1862 1439 1900 rebus
1455 1861 1592 1900 habent
1615 1861 1689 1912 ipsa
1712 1862 1833 1912 prima
1859 1861 2059 1907 elementa,

604 1919 709 1957 verbi
736 1920 851 1968 gratia
870 1931 904 1955 o.
923 1931 1007 1954 cum
1024 1918 1160 1963 nihilo,
1182 1919 1285 1955 vela.
1305 1931 1389 1954 cum
1406 1917 1529 1954 linea?
1561 1917 1722 1968 Cogeris
1748 1930 1841 1967 ergo
1865 1916 2058 1954 admittere

601 1974 724 2010 saltem
739 1975 776 2009 in
792 1973 848 2009 his
867 1974 1056 2010 elementis
1081 1975 1178 2010 nulla
1197 1987 1290 2023 opus
1307 1972 1376 2009 effe
1398 1969 1640 2010 similitudine.
1700 1972 1872 2021 Exempli
1888 1971 2003 2008 caussa
2016 1973 2057 2009 in

602 2029 689 2065 lucis
705 2027 913 2075 aurfte-endi
928 2029 1129 2073 vocabulo,
1160 2027 1300 2065 tametsi
1324 2027 1571 2077 compositum
1599 2027 1745 2076 Lucifer
1769 2028 1987 2066 relationem
2011 2025 2058 2063 ad

606 2084 695 2120 lucis
722 2083 760 2118 δε
788 2082 928 2118 ferendi
953 2084 1131 2120 vocabula
1157 2084 1289 2120 habeat
1314 2085 1345 2120 ei
1368 2082 1670 2133 respondentem,
1710 2095 1823 2131 quam
1846 2082 1957 2119 habet
1978 2092 2058 2128 res,

606 2138 769 2186 Lucifero
786 2135 1003 2186 significata,
1034 2138 1079 2175 ad
1094 2151 1173 2176 rem
1190 2139 1379 2176 vocabulis
1397 2138 1484 2176 lucis
1502 2139 1541 2175 ἃ,
1546 2138 1693 2187 ferendi
1707 2135 1974 2188 fignificatam‘?

606 2229 658 2266 At
677 2227 866 2265 Graecum
896 2224 1074 2275 <0:255ssch
1101 2225 1257 2265 eandem
1285 2228 1395 2266 habet
1419 2228 1635 2267 relationem
1658 2226 1705 2265 ad
1733 2225 1805 2273 φῶς
1834 2225 1876 2264 δι
1903 2223 2003 2273 φέρω.

1931 2334 1978 2370 A.
1988 2333 2056 2372 Po-
