2132 2860
145 317 193 430 φφ

140 749 188 786 ,³⁹

130 1534 176 1682 ΡΨ

126 1831 166 1868 3³0

123 2173 169 2287 5²³?
125 1996 172 2099 90?

133 994 184 1384 >w>s=³>

494 220 723 257 INTER
771 219 893 257 RES
953 220 1038 257 ET
1087 222 1333 262 VERBA.
1594 239 1668 273 509

215 315 345 353 Puicre
363 315 575 366 respondes.
634 317 725 354 Sunt
741 327 865 354 tamen
886 314 1141 355 difficultates?
1190 307 1194 312 ’

215 392 409 442 Qlaenam
431 392 614 431 obsecro?

219 503 381 553 Quidam
407 506 479 543 viri
503 504 602 542 doffi
627 517 757 556 putant
778 506 971 543 veritatem
995 507 1083 544 oriri
1109 506 1153 544 ab
1178 506 1330 545 arbitrio
1354 507 1517 546 humano
1546 508 1585 546 δε
1615 521 1662 547 ex

219 561 433 598 nominibus
454 560 512 598 seu
531 560 832 598 elia1·a5’ceribus?

213 638 333 676 Valde
349 637 540 689 paradoxa
561 639 653 677 haec
669 638 845 677 sententia
861 638 921 677 est.

210 749 281 787 Sed
302 762 381 787 eam
398 751 447 787 ita
461 749 633 800 probant.
662 751 806 789 Nonne
824 749 991 788 definitio
1008 749 1058 788 est
1071 751 1296 801 principium
1312 751 1658 790 demonstrationis?

210 829 365 875 Fateor,
395 842 480 866 nam
505 841 551 866 ex
569 827 652 865 solis
671 828 950 866 definitionibus
976 829 1072 866 inter
1094 828 1128 866 se
1145 827 1281 878 junffis
1303 829 1576 879 propositiones
1599 830 1657 866 ali-

209 896 302 933 quae
322 883 565 920 demonstrari
586 882 742 931 possunt.

207 993 357 1030 Talium
374 1004 468 1044 ergo
483 991 783 1044 propositionum
799 993 934 1031 veritas
949 991 1088 1043 pendet
1104 1006 1124 1030 a
1141 992 1436 1031 definitionibus?

208 1057 402 1097 Concedo.

205 1171 257 1207 At
273 1169 507 1208 definitiones
524 1169 690 1222 pendent
713 1169 757 1207 ab
777 1169 927 1207 arbitrio
943 1169 1097 1207 nostro?

205 1235 307 1285 Qud
321 1235 390 1273 ita‘?

201 1348 344 1384 Nonne
366 1346 470 1384 videet
493 1349 530 1384 in
553 1347 705 1384 arbitrio
729 1345 797 1383 effe
819 1346 1173 1383 Mathematicorum
1203 1347 1254 1382 uti
1276 1357 1370 1383 voce
1395 1344 1586 1397 Ellypfeos
1609 1356 1649 1381 ut

203 1402 383 1453 fignificet
401 1402 558 1453 figuram
576 1401 786 1451 quandam?
816 1403 861 1438 Et
886 1403 923 1438 in
946 1401 1098 1439 arbitrio
1116 1402 1332 1438 Latinorum
1354 1400 1441 1447 fuit,
1471 1402 1554 1438 voci
1573 1400 1648 1436 Cir-

204 1459 300 1495 culus
315 1459 510 1507 imponere
526 1457 851 1508 significationem,
881 1470 991 1505 quam
1010 1458 1185 1506 exprimit
1205 1455 1398 1492 definitio?

200 1532 303 1583 Qud
318 1532 424 1570 tum?
455 1532 713 1583 Cogitationes
731 1531 811 1568 fieri
828 1530 973 1581 possunt
997 1530 1070 1568 sine
1087 1530 1285 1567 vocabulis.

198 1645 250 1682 At
271 1657 348 1682 non
365 1643 438 1681 sine
456 1644 532 1681 aliis
551 1642 672 1693 signis.
731 1643 854 1680 Tenta
876 1640 1009 1690 quaeso
1035 1654 1080 1678 an
1103 1641 1217 1677 ullum
1239 1640 1508 1677 arithmeticum
1532 1639 1644 1674 calcu-

198 1701 275 1736 lum
298 1698 480 1739 instituere
502 1698 612 1748 postis
629 1698 702 1735 fine
718 1697 828 1747 signis
846 1696 1121 1734 numeralibus?
1181 1695 1292 1746 (Cum
1308 1696 1411 1731 Deus
1434 1694 1584 1730 calculat
1601 1694 1640 1729 ὃς

197 1756 462 1805 cogitationem
478 1765 624 1791 exercet
647 1753 688 1790 fit
702 1751 885 1801 mundus.)

195 1829 314 1867 Valde
338 1842 398 1867 me
423 1829 636 1879 perturbas,
674 1840 794 1876 neque
821 1829 918 1864 enim
941 1827 1115 1877 putabam
1139 1824 1366 1862 charaeteres
1388 1824 1447 1861 vel
1473 1822 1573 1874 signa
1595 1821 1642 1859 ad

197 1883 491 1923 ratiocinandum
513 1895 588 1920 tam
607 1882 799 1919 necessaria
816 1881 894 1919 ess'e.

193 1995 297 2046 Ergo
313 1995 484 2032 veritates
503 1993 766 2029 Arithmeticae
783 1992 901 2040 aliqua
920 1991 1019 2042 figna
1037 1991 1096 2029 seu
1120 1990 1349 2030 chara&e1·es
1374 1987 1612 2041 supponunt?

194 2060 399 2099 Fatendum
417 2058 476 2097 est.

191 2171 294 2222 Ergo
310 2169 474 2221 pendent
493 2169 536 2207 ab
553 2169 746 2206 hominum
767 2167 946 2206 arbitrio?

192 2247 342 2286 Videris
358 2259 420 2285 me
439 2246 537 2296 quasi
553 2244 755 2296 praestigiis
775 2243 993 2293 quibusdam
1015 2244 1291 2281 circumvenire.

825 2338 900 2392 'Sss
936 2367 952 2402 3
1478 2349 1522 2385 A.
1538 2348 1633 2385 Non
