2164 2844
481 181 555 222 536
846 165 1230 208 HISTORIA
1286 164 1642 203 LINGVAE

481 274 645 325 primum
662 281 744 307 eam
764 266 1013 317 attingebam,
1031 277 1115 302 cum
1131 263 1237 315 saepe
1251 275 1298 301 ne
1314 262 1482 314 vulgaria
1498 261 1650 312 quidem
1666 261 1747 301 satis
1764 263 2023 315 percepissem.

485 327 558 367 Sed
574 329 623 364 ita
639 325 714 363 duo
730 325 889 362 lucratus
905 321 1001 369 sum3
1031 322 1196 371 primum
1213 331 1260 358 ne
1276 320 1439 357 animum
1454 319 1623 357 inanibus
1646 319 1686 357 ἃ.
1702 318 1932 359 dediscendis
1954 322 2022 358 im-

485 385 646 436 plerem,
683 393 777 430 quae
794 379 989 417 autoritate
1005 378 1131 428 potius
1147 375 1363 414 docentium
1378 388 1490 424 quam
1506 376 1734 426 argumentis
1753 387 1904 426 recepta
1921 375 2022 425 sunt3

486 441 640 478 altemm
656 449 696 474 ut
713 448 759 474 ne
776 446 859 474 ante
876 431 1103 484 quiescerem
1125 445 1237 482 quam
1261 431 1324 469 ubi
1346 432 1522 480 cuiusque
1545 430 1738 469 doetrinae
1762 431 1876 470 fibras
1901 445 1942 469 ac
1967 445 2024 470 ra-

486 495 589 533 dices
612 493 721 532 effem
744 493 895 530 rimatus
925 491 965 528 &
988 488 1035 527 ad
1061 489 1246 540 principia
1266 487 1342 538 ipsa
1366 486 1613 538 pervenissem
1634 486 1733 527 unde
1750 487 1842 526 mihi
1860 489 2023 540 proprio

486 553 614 590 Marte
631 550 774 595 omnia,
805 559 899 597 quae
922 544 1147 591 trasiabam,
1172 545 1345 588 invenire
1361 545 1498 582 liceret.

605 662 707 701 Cum
728 672 823 712 ergo
846 673 866 697 a
889 657 1050 697 leffione
1074 656 1329 703 historiarum,
1360 656 1433 705 qua
1457 655 1501 693 ab
1518 655 1671 693 infantia
1693 656 1789 693 mire
1806 654 1948 693 fueram
1966 654 2026 694 de-

490 719 661 765 leenatus,
692 719 732 756 &
757 718 776 754 a
798 716 882 767 styli
899 727 1009 760 cura„
1035 726 1146 763 quarn
1171 725 1245 763 ego
1269 714 1307 749 in
1323 711 1434 753 Profa
1456 712 1642 762 ligataque
1666 723 1708 748 ea
1728 711 1898 749 felicitate
1923 723 2027 750 exer-

491 788 640 814 cueram
665 785 704 811 ut
727 782 947 810 vererentur
971 779 1236 820 praeceptores
1275 780 1321 804 ne
1348 766 1395 803 ad
1423 767 1489 804 has
1520 766 1667 804 delicias
1699 766 2026 813 obhaerescerem,

492 830 679 870 tradusts
696 827 806 866 essem
822 825 869 864 ad
881 827 1063 874 Logicam
1080 824 1120 860 &
1135 821 1432 870 Philosophiam,
1462 832 1543 857 tum
1559 832 1633 869 ego
1652 832 1692 856 ut
1707 823 1871 869 primum
1887 821 2027 871 aliquid

494 890 533 925 in
558 887 615 923 his
637 884 746 921 rebus
770 882 978 930 intelligere
1003 878 1132 927 coepi,
1162 877 1215 914 Di
1236 876 1346 922 boni,
1385 887 1498 924 quam
1519 875 1652 912 multas
1678 874 1797 912 statim
1821 875 2028 916 chimaeras

494 945 532 980 in
558 952 644 977 meo
668 936 823 974 cerebro
847 945 973 972 enatas
1010 933 1145 970 chartis
1174 933 1292 977 illevi,
1329 943 1419 980 quas
1447 929 1599 968 subinde
1628 930 1893 981 proponebam
1923 944 2029 983 prae·

496 995 710 1046 ceptoribus
732 990 960 1029 mirantibus.
1027 989 1127 1025 Inter
1150 989 1217 1025 alia
1240 986 1510 1024 dubitationem
1535 986 1733 1035 aliquando
1758 987 1960 1025 movebam
1979 987 2028 1026 de

496 1048 815 1104 praedicamentis.
862 1045 1045 1084 Dicebam
1062 1045 1161 1082 enim
1179 1041 1501 1093 quemadmodum
1515 1042 1740 1080 haberentur
1754 1042 2031 1093 praedicamen-

497 1120 532 1146 ta
556 1106 615 1144 seu
642 1103 764 1142 classes
789 1104 986 1140 notionum
1009 1100 1250 1150 simplicium,
1293 1100 1342 1136 ita
1366 1097 1503 1136 debere
1526 1098 1655 1136 haberi
1677 1111 1820 1136 novum
1843 1097 2030 1149 praedica-

498 1173 713 1201 mentorum
736 1171 872 1210 genus,
916 1159 956 1194 in
978 1169 1054 1206 quo
1078 1156 1118 1193 &
1141 1154 1417 1205 propositiones
1441 1153 1539 1204 ipsae
1561 1154 1621 1192 seu
1643 1155 1816 1191 Termini
1839 1155 2029 1205 complexi

499 1218 630 1257 ordine
655 1216 810 1254 naturali
833 1212 1025 1264 dispositae
1046 1211 1270 1249 haberentur
1279 1224 1289 1258 3
1331 1209 1465 1247 scilicet
1489 1209 1823 1247 demonstrationes
1848 1219 1936 1246 tunc
1959 1221 2029 1247 nec

500 1287 569 1326 per
592 1273 776 1311 somnium
801 1281 1059 1321 cognoveram
1086 1267 1126 1305 ὃς
1142 1265 1348 1304 nesciebam
1372 1265 1446 1302 hoc
1468 1265 1607 1316 ipsum,
1638 1263 1740 1313 quod
1760 1276 1834 1314 ego
1852 1263 2031 1302 desidera-

501 1332 605 1375 bam,
634 1328 754 1365 facere
772 1327 1016 1370 Geometras,
1046 1324 1109 1372 qui
1127 1321 1403 1373 propositiones
1421 1334 1467 1358 eo
1484 1320 1615 1358 ordine
1632 1320 1836 1366 collocant,
1865 1332 1942 1369 quo
1958 1319 2034 1357 una'

502 1399 549 1424 ex
568 1386 636 1423 alia
652 1381 934 1421 demonstratur.
991 1381 1120 1428 Itaque
1140 1391 1237 1416 vana
1262 1376 1415 1426 quidem
1437 1388 1514 1414 erat
1535 1388 1618 1413 mea
1635 1374 1835 1422 dubitatio,
1865 1375 1928 1412 sed
1944 1388 2031 1413 cum

504 1444 537 1480 ei
560 1454 637 1478 non
657 1437 905 1476 satisfacerent
927 1446 1212 1486 praeceptores,
1251 1445 1324 1483 ego
1349 1433 1514 1470 novitate
1537 1432 1773 1482 cogitationis
1797 1430 2032 1481 prosecutus,

504 1496 682 1534 moliebar
705 1492 868 1531 condere
894 1490 1109 1529 huiusmodi
1135 1488 1436 1539 praedicamenta
1451 1488 1721 1524 Terminorum
1745 1487 2032 1536 complexorum

503 1552 564 1590 seu
582 1548 891 1601 propositionum.
950 1547 1022 1584 Cui
1043 1544 1162 1583 studio
1186 1558 1270 1582 cum
1288 1545 1463 1581 intentius
1479 1542 1754 1588 incumberem,
1783 1540 1896 1579 incidi
1913 1540 2033 1579 neces:

504 1607 598 1645 sario
614 1608 652 1643 in
669 1606 762 1641 hanc
780 1602 1137 1651 contemplationem
1154 1598 1430 1645 admirandam,
1460 1598 1562 1648 quod
1580 1597 1713 1635 scilicet
1731 1598 1935 1647 excogitari
1951 1594 2034 1647 poss

503 1662 555 1700 set
580 1659 771 1711 quoddam
788 1657 1042 1708 Alpliabetum
1065 1657 1336 1705 cogitationum
1361 1655 1624 1700 humanarum,
1655 1654 1694 1691 ὃς
1712 1651 1815 1702 quod
1830 1654 2034 1690 litterarum

506 1719 613 1756 huius
633 1714 835 1766 Alphabeti
859 1712 1134 1750 combinatione
1158 1711 1198 1747 &
1218 1709 1488 1746 vocabulorum
1507 1721 1554 1745 ex
1570 1708 1657 1758 ipsis
1677 1708 1860 1745 fastorum
1878 1705 2034 1758 Analyfi

507 1775 633 1812 omnia
655 1772 694 1809 ὃ(
716 1770 876 1807 inveniri
900 1769 940 1806 δι
963 1766 1156 1804 diiudicari
1180 1764 1333 1815 possent.
1408 1764 1496 1800 Hoc
1519 1775 1592 1813 ego
1618 1762 1851 1812 deprehenso
1877 1762 2034 1801 mirifice

508 1829 702 1872 exsultavi,
732 1826 865 1875 puerili
880 1822 1031 1873 quidem
1049 1821 1204 1873 gaudio,
1235 1834 1322 1857 nam
1345 1831 1431 1857 tunc
1454 1820 1508 1856 rei
1532 1817 1827 1869 magnitudinem
1850 1830 1928 1854 non
1951 1816 2033 1854 satis

509 1884 710 1934 capiebam.
768 1879 841 1918 Sed
858 1879 1003 1930 postea,
1020 1890 1158 1926 quanto
1176 1877 1355 1917 maiorem
1371 1876 1409 1911 in
1426 1887 1551 1912 rerum
1568 1874 1783 1924 cognitione
1799 1871 2034 1923 progressum

510 1939 600 1984 feci,
630 1938 748 1988 magis
766 1935 1005 1973 confirmatus
1022 1933 1099 1970 sum
1119 1935 1155 1969 in
1173 1932 1323 1969 consilio
1341 1943 1418 1967 reni
1444 1941 1582 1967 tantam
1603 1927 1863 1979 prosequendi.
1921 1928 2036 1966 Forte

511 1994 669 2032 adultior
699 1993 738 2028 ἃ.
767 1994 840 2028 iam
869 1991 1003 2040 viginti
1034 2002 1149 2026 annos
1182 2000 1284 2025 narnis
1316 1986 1496 2023 nea-Rebar
1526 1985 1742 2022 exercitium
1772 1983 2034 2020 academicum.

510 2051 639 2098 Itaque
657 2046 780 2096 scripsi
790 2046 1073 2095 Diffi-tationem
1089 2044 1128 2081 d:
1147 2052 1225 2081 ari-„-
1243 2042 1510 2087 ‹·c:1-:li1-¹.⁷2.to.¹·ia,
1540 2052 1632 2089 quae
1649 2039 1761 2076 libelli
1779 2038 1902 2076 forma
1918 2038 2036 2089 publi-

512 2117 590 2143 cata
607 2102 656 2141 est
672 2114 769 2139 anno
794 2107 892 2139 1666
911 2103 949 2138 in
966 2114 1036 2149 qua
1060 2100 1225 2137 mirabile
1248 2099 1319 2136 hoc
1343 2100 1537 2134 inventum
1558 2095 1704 2146 publice
1726 2093 1916 2145 proposui.
1974 2092 2036 2131 Est

513 2159 666 2210 quidem
689 2170 731 2195 ea
754 2155 983 2201 Dissertatio,
1026 2157 1141 2204 qualis
1171 2155 1275 2191 serii-i
1311 2155 1430 2203 potiift
1459 2166 1479 2189 a
1503 2153 1658 2201 juvene,
1706 2163 1802 2187 nunc
1826 2151 1991 2200 primum
2014 2161 2035 2186 e

511 2215 636 2254 schola
652 2213 861 2264 prodeunte
880 2211 919 2248 ὃς
935 2212 1042 2247 nullis
1059 2210 1178 2247 adhuc
1194 2210 1347 2247 scientiis
1362 2208 1519 2246 realibus
1534 2207 1677 2243 imbuto
1700 2206 1834 2255 (neque
1850 2206 1948 2242 enim
1965 2205 2034 2241 illis

511 2274 551 2310 in
567 2272 659 2310 locis
674 2268 934 2308 mathematica
950 2266 1212 2304 excolebantur
1233 2266 1272 2303 ὃς
1288 2264 1314 2303 fi
1330 2263 1471 2302 Parisiis
1489 2261 1687 2313 exegissem
1702 2262 1918 2312 pueritiam,
1948 2270 2035 2307 que-

1931 2312 2034 2351 mad-
