2132 2860
295 243 798 284 DIFFICVLTATES
857 244 1167 297 QVAEDAM
1228 251 1528 292 LOGICAE.
1589 261 1665 300 519

156 338 230 378 Etsi
254 341 353 378 enim
375 339 427 382 Γ
447 343 476 378 Β
500 341 540 380 sit
564 343 639 381 Ens
664 355 710 381 ex
732 343 952 395 hypothesi,
998 358 1073 383 non
1096 346 1181 385 ideo
1206 346 1363 397 sequitur
1381 350 1410 388 A
1429 347 1479 389 Γ
1497 349 1564 387 effe
1581 349 1666 387 Ens.

157 394 283 444 Itaque
302 396 388 434 hinc
406 409 506 446 patet
525 397 773 447 praedicatum
793 399 1055 449 propositionis
1072 401 1308 440 affirmativae
1333 417 1408 441 non
1433 401 1501 442 effe
1524 406 1666 442 univer-

155 449 236 488 sale.
296 450 543 490 Ostendamus
559 455 633 502 jam
651 453 755 490 simili
772 453 951 491 methodo
968 455 1216 504 praedicatum
1243 459 1504 508 propositionis
1530 460 1665 509 negati-

156 517 225 544 vae
241 506 310 544 esse
325 507 534 544 universale.
593 509 764 557 Nempe,
795 508 820 544 fi
840 509 902 544 AB
921 522 996 546 non
1012 522 1027 556 r
1043 512 1075 547 A
1088 507 1105 556 ‚⁴
1127 513 1234 550 etiam
1252 514 1284 549 A
1303 512 1353 549 Γ
1369 515 1395 550 Β
1414 527 1488 551 non
1506 522 1521 555 Γ
1539 516 1571 550 A
1592 513 1666 551 live

154 562 254 599 enim
273 560 324 600 Γ
342 563 369 599 Β
388 561 428 599 sit
444 567 460 602 ζ’
476 563 522 608 B,
555 575 613 599 aut
631 565 664 599 A
684 560 764 604 tf(
782 563 808 599 B
824 562 897 600 sive
915 577 1009 609 non,
1041 578 1098 603 res
1116 568 1304 616 procedit,
1336 582 1420 606 nam
1440 569 1464 605 si
1483 567 1531 607 Γ
1551 570 1575 604 13
1592 578 1601 608 l
1623 570 1663 613 Β,

153 617 216 654 'vel
234 618 269 653 A
284 615 336 657 Γ
348 625 366 660 t’
380 618 414 654 A
432 616 590 654 substitui
614 629 789 667 poterunt
810 631 881 667 pro
898 619 924 655 B
942 621 1000 656 vel
1016 634 1086 670 pro
1104 624 1146 658 A.
1206 623 1240 658 Si
1268 636 1358 660 vero
1383 637 1458 660 non
1481 625 1665 671 aequipol-

153 671 270 718 leant,
299 673 417 710 multo
440 673 557 723 magis
582 673 616 708 A
637 671 689 712 Γ
705 673 732 709 Β
758 673 797 710 &
821 674 855 709 A
879 686 954 711 non
980 677 1287 725 aequipollebunt.
1346 677 1447 716 Idem
1471 678 1519 715 est
1542 680 1579 714 in
1598 678 1661 714 AB

154 738 233 764 non
247 733 264 769 r
279 728 344 765 AB
362 729 446 766 Ens.
1111 730 1116 733 ’

269 781 439 833 Superest
461 793 501 818 ut
522 781 815 820 demonstremus
840 782 1037 832 subjeStum
1060 784 1194 822 habere
1219 788 1454 834 quantitatem
1477 788 1555 825 suae
1581 799 1668 837 pro-

153 836 357 887 positionis.
415 837 456 874 In
479 837 526 873 U.
544 837 588 873 A.
612 835 676 870 AB
691 844 708 877 Γ
725 837 770 873 Α.
830 839 931 888 Ergo
956 839 994 876 &
1011 838 1294 881 V‘Asst'th.
1353 842 1425 878 Sed
1447 845 1483 878 in
1506 844 1543 879 P.
1559 844 1609 879 N.
1637 841 1665 879 fi

150 891 218 927 AB
242 905 319 930 non
343 899 360 933 Γ
374 892 410 926 A
432 903 509 927 non
532 890 618 926 hinc
640 889 802 938 sequitur
824 891 875 931 Γ
889 892 954 926 ΑΒ
977 906 1054 929 non
1076 893 1157 933 ΐΓ
1171 893 1224 939 Α,
1255 908 1340 933 nam
1360 896 1385 933 si
1400 896 1451 937 Γ
1466 904 1481 938 (²
1495 896 1540 941 B,
1570 897 1664 933 foret

152 945 206 988 Γ
218 945 284 982 ΑΒ
296 952 313 987 [³
326 944 377 986 Γ
392 944 437 982 Α.
496 942 630 981 Rursus
647 956 739 981 vero
756 946 793 981 in
810 945 857 981 V.
872 946 923 982 N.
941 945 966 982 st
981 946 1045 981 AB
1063 959 1138 984 non
1158 947 1207 984 est
1225 950 1299 986 Ens
1319 952 1427 987 ctiam
1443 951 1494 991 Γ
1507 950 1570 986 ΑΒ
1589 964 1666 988 non

152 999 205 1038 est
219 1000 312 1048 Ens3
342 999 401 1037 seu
422 998 448 1036 si
470 999 535 1035 AB
558 1012 635 1036 non
660 999 754 1041 t’AB
778 1000 871 1047 Ens,
908 1002 1016 1037 etiam
1032 1000 1084 1041 Γ
1100 1001 1163 1036 ΑΒ
1180 1016 1256 1039 non
1273 1004 1430 1046 ῖΓΑΒ
1449 1006 1532 1042 Ens.
1591 1005 1665 1042 Sed

153 1056 194 1093 in
209 1055 248 1092 P.
263 1056 309 1092 A.
327 1053 354 1092 ss
372 1054 434 1091 AB
452 1053 502 1092 est
519 1055 613 1100 Ens,
643 1053 902 1103 nonsequitur
927 1057 1034 1092 etiam
1059 1056 1111 1096 Γ
1124 1056 1188 1092 ΑΒ
1214 1057 1282 1094 effe
1301 1059 1394 1106 Ens3
1425 1059 1542 1109 potest
1565 1061 1664 1097 enim

152 1109 216 1148 sub
234 1108 286 1150 Γ
302 1109 427 1148 assumi
445 1109 580 1158 aliquid
602 1110 874 1159 incompatibile
895 1123 977 1147 cum
996 1112 1029 1147 A
1049 1111 1088 1148 &
1106 1112 1144 1149 Β.
1202 1112 1327 1161 Itaque
1347 1126 1392 1151 ex
1411 1113 1535 1151 nostro
1552 1115 1663 1151 calcu-

151 1166 191 1205 lo
207 1177 338 1204 omnes
355 1166 570 1216 collegimus
591 1165 736 1214 regulas
756 1163 1057 1203 distributionum.

215 1222 218 1226 '
267 1221 465 1259 Caeterum
488 1221 527 1257 &
548 1221 586 1257 in
609 1220 722 1256 altero
745 1221 806 1257 illo
832 1221 946 1258 modo
970 1220 1241 1259 demonstrandi
1257 1224 1395 1273 logicas
1410 1223 1569 1269 formas,
1600 1223 1664 1260 ubi

153 1288 231 1315 non
247 1288 315 1326 per
330 1274 434 1313 Ideas
449 1275 510 1312 sed
528 1288 595 1325 per
613 1275 781 1324 exempla
796 1274 950 1325 subjeea
967 1277 1249 1327 progredimur,
1278 1278 1474 1316 refellenda
1494 1281 1560 1316 erit
1583 1290 1662 1328 pra-

151 1344 199 1369 va
216 1332 275 1368 illa
291 1330 564 1379 consequentia:
595 1331 715 1367 omnis
738 1329 862 1368 ridens
886 1330 936 1368 est
959 1331 1092 1378 homog
1124 1344 1216 1382 crgo
1241 1332 1388 1381 quidam
1415 1334 1530 1371 homo
1549 1332 1600 1370 est
1618 1334 1661 1369 ri·

153 1385 246 1424 dens
267 1385 327 1423 seu
350 1384 454 1422 ridet.
513 1384 640 1422 Sensus
666 1385 714 1422 est
738 1387 857 1422 omnis
882 1385 1004 1423 ridens
1027 1386 1201 1436 possibilis
1233 1387 1282 1425 est
1306 1389 1439 1434 homo,
1469 1401 1562 1438 ergo
1586 1389 1661 1436 qui·

153 1440 240 1478 dam
266 1441 382 1478 homo
405 1439 455 1477 est
476 1439 600 1477 ridens
624 1439 815 1489 poffibilis;
845 1439 954 1477 reete.
1014 1442 1125 1477 Hune
1144 1442 1282 1479 sensum
1305 1442 1459 1480 ostendit
1476 1442 1595 1480 nostra
1611 1444 1661 1478 in-

153 1497 387 1546 terpretatio,
417 1507 509 1544 quae
525 1495 804 1532 conversionem
820 1508 886 1544 per
904 1495 1070 1533 accidens
1086 1498 1285 1546 legitimam
1303 1497 1432 1534 reddit.
1492 1497 1628 1534 Ridens
1644 1505 1661 1539 ι’

152 1549 278 1588 ridens
303 1550 430 1588 homo.
495 1550 573 1596 jam
596 1548 718 1586 ridens
743 1555 759 1590 Γ
780 1549 902 1587 ridens
926 1551 1010 1588 Ens.
1076 1551 1178 1601 Ergo
1204 1552 1327 1589 ridens
1352 1553 1468 1590 homo
1493 1558 1508 1592 ἵ
1536 1552 1661 1589 ridens

152 1605 271 1644 homo
286 1606 381 1652 Ens,
410 1607 473 1655 qui
499 1601 620 1642 ridens
636 1610 652 1645 t'
670 1604 793 1641 ridens
809 1605 894 1643 Ens.

267 1661 373 1697 Haec
396 1660 533 1697 faciunt
554 1671 613 1697 me
637 1660 775 1705 vereri,
804 1671 842 1697 ut
865 1672 911 1698 ex
934 1661 1234 1711 interpretatione
1251 1661 1436 1699 induetiva
1454 1663 1544 1699 haee
1560 1660 1662 1699 regie

152 1714 321 1754 constitui
338 1714 484 1765 possint.
541 1713 753 1752 Aristoteles
772 1714 847 1764 ipse
864 1716 962 1752 viam
985 1715 1138 1753 idealem
1162 1716 1300 1754 secutus
1319 1717 1482 1762 videtur,
1511 1729 1594 1753 nam
1610 1715 1662 1752 di—

153 1772 203 1808 cit
231 1770 365 1807 animal
393 1769 503 1807 ineffe
532 1768 693 1815 homini,
740 1782 875 1819 nempe
902 1772 1091 1808 notionem
1114 1773 1275 1817 notioni,
1319 1784 1401 1808 cum
1427 1773 1509 1808 alias
1535 1772 1659 1820 potius

151 1825 324 1864 homines
348 1823 455 1862 insint
485 1825 694 1862 animalilus.
752 1824 952 1862 Videamus
976 1836 1099 1862 tamen
1122 1825 1210 1874 quid
1234 1837 1278 1862 ex
1303 1826 1491 1863 collegiiva
1519 1827 1659 1862 ratioci-

151 1881 301 1918 natione
316 1878 401 1916 duci
417 1877 534 1928 poffit.
593 1877 763 1915 Barbara.
794 1879 938 1917 Omnes
955 1879 1124 1917 homines
1141 1880 1270 1917 suntin
1287 1881 1507 1918 animalibus.
1566 1879 1659 1918 Orn-

150 1946 217 1972 nes
237 1934 371 1970 milites
396 1932 475 1969 sunt
495 1934 532 1968 in
559 1933 779 1969 hominibus.
839 1935 940 1983 Ergo
966 1947 1095 1972 omnes
1119 1936 1248 1973 milites
1270 1934 1348 1972 sunt
1373 1937 1410 1972 in
1437 1935 1659 1973 animalibus.

153 1988 325 2026 Celarent.
355 1987 501 2025 Omnes
516 1987 685 2024 homines
700 1987 779 2023 sunt
793 1999 894 2024 extra
911 1988 1060 2037 lapides.
1119 1989 1264 2027 Omnes
1287 1992 1416 2028 milites
1438 1990 1517 2027 sunt
1540 1991 1577 2027 in
1595 1990 1658 2028 ho-

152 2043 322 2081 minibus.
380 2043 482 2092 Ergo
500 2054 629 2079 omnes
646 2043 777 2079 milites
795 2041 873 2080 sunt
888 2055 990 2080 extra
1007 2043 1152 2092 lapides.
1212 2044 1329 2081 Darii.
1373 2045 1516 2083 Omnes
1542 2045 1658 2081 homi-

153 2110 220 2136 nes
242 2098 322 2135 sunt
346 2098 383 2134 in
407 2097 631 2134 animalibus.
690 2096 850 2145 Quidam
874 2099 1114 2148 intelligentes
1133 2098 1261 2136 suntin
1278 2099 1498 2137 hominibus.
1556 2100 1658 2149 Ergo

152 2152 302 2202 quidam
324 2153 567 2201 intelligentes
592 2151 670 2188 sunt
694 2153 732 2188 in
754 2153 975 2189 animalibus.
1048 2154 1158 2190 Ferio.
1217 2153 1362 2192 Omnes
1386 2156 1554 2192 homines
1579 2153 1658 2190 sunt

153 2218 256 2244 extra
274 2206 422 2257 lapides.
482 2206 674 2254 Qaedam
691 2206 901 2245 substantiae
924 2207 1002 2244 sunt
1026 2209 1062 2244 in
1082 2208 1301 2247 hominibus.
1359 2211 1460 2259 Ergo
1478 2208 1656 2257 quaedam

153 2261 363 2300 substantiae
379 2260 457 2298 sunt
475 2273 577 2298 extra
595 2260 744 2310 lapides.
804 2262 845 2298 In
864 2261 1029 2312 Dar-apti.
1074 2263 1208 2301 Omnis
1231 2263 1346 2301 homo
1368 2264 1416 2301 est
1441 2264 1655 2313 intelligens.

152 2317 289 2365 Omnis
306 2317 423 2356 homo
441 2315 490 2356 est
511 2317 652 2355 animal.
710 2317 812 2371 Ergo
835 2317 1024 2367 quoddam
1045 2320 1176 2357 animal
1200 2318 1250 2357 est
1273 2320 1487 2370 intelligens.
1546 2318 1655 2355 Inter-

1574 2386 1654 2424 prc-
