2164 2844
470 199 543 239 538
837 187 1220 226 HISTORIA
1279 184 1624 224 LINGVAE

468 284 608 337 phandi
627 296 762 335 genere
779 284 904 331 usura,
934 297 1002 335 per
1017 283 1134 334 ipsam
1149 295 1274 321 rerum
1290 294 1476 328 naturam,
1506 280 1624 319 statim
1639 281 1701 319 ubi
1719 279 1904 326 nascetur,
1929 282 1998 318 irn-

469 343 612 392 perium
628 343 664 377 in
681 342 863 378 rationem
880 340 1085 385 exercebit,
1117 340 1347 389 geometrico
1365 339 1448 381 ritu,
1465 337 1504 374 &
1520 350 1597 374 non
1615 348 1696 374 ante
1714 349 1773 373 aut
1789 337 1921 386 peribit
1937 347 1997 374 aut

469 395 745 434 labefastabitur
770 409 882 444 quam
907 408 991 432 cum
1014 396 1052 432 in
1075 406 1212 445 genere
1231 394 1413 440 humano,
1443 394 1638 443 ingruente
1656 392 1823 430 barbarie
1840 391 2000 441 quadam

472 464 582 498 nova,
603 450 770 489 scientiae
787 450 1000 488 interibunt.

590 565 658 601 Me
675 575 766 601 vero
784 563 881 601 nulla
897 563 963 600 alia
979 561 1097 600 caussa
1113 563 1152 600 in
1173 561 1231 599 his
1250 559 1549 598 meditationibus
1572 558 1745 605 detinuit,
1777 557 1839 596 etsi
1857 568 1913 596 tot
1929 558 2009 596 aliis

477 618 600 658 modis
619 618 847 664 disti-aetum,
879 632 989 668 quam
1014 617 1118 666 quod
1144 616 1438 666 magnitudinem
1462 617 1537 653 eius
1554 627 1669 652 totam
1686 614 1763 651 vidi
1783 614 1821 652 δε
1838 613 1939 663 quod
1958 612 2007 650 as·

479 673 652 722 sequendi
669 676 851 712 rationem
869 676 961 711 mire
978 673 1121 709 facilem
1139 672 1272 709 detexi.
1331 673 1419 708 Hoc
1444 672 1543 708 enim
1569 669 1618 707 est
1636 669 1742 713 illud,
1773 669 1876 718 quod
1891 670 2007 705 inten-

480 729 619 767 tiffimis
635 729 931 767 meditationibut
946 727 1097 765 tandem
1113 728 1249 764 inveni.
1308 727 1435 775 Itaque
1460 739 1556 763 nunc
1580 725 1669 761 nihil
1695 724 1791 761 aliud
1817 737 1913 774 opus
1936 722 2006 770 est,

483 798 594 834 quam
619 796 659 822 ut
676 783 999 827 Charaeteristica,
1030 795 1141 831 quam
1167 783 1322 826 molior,
1354 791 1533 829 quantum
1559 779 1603 816 ad
1627 780 1920 816 Grammaticam
1942 779 2005 815 lin-

483 852 575 889 guae
605 851 680 876 tam
710 839 885 876 mirabilis
924 837 1270 883 Diffionariumque
1295 837 1484 884 plerisque
1507 833 1818 880 frequentioribus
1843 832 2008 871 suffei‘tu-

485 907 566 931 rum
583 893 665 930 satis
685 893 753 938 est,
785 892 1037 936 constituatur,
1067 892 1126 927 vel
1151 889 1254 938 quod
1279 889 1379 926 idern
1402 887 1472 934 est,
1501 897 1541 924 ut
1556 888 1717 924 Numeri
1735 885 1906 924 Idearum
1932 900 2010 925 om-

487 951 588 987 nium
611 946 890 984 eliara&e1·istici
917 946 1128 983 habeamur.
1197 944 1325 989 Nihil,
1355 945 1525 992 inquam,
1556 941 1652 979 aliud
1677 954 1771 991 opus
1797 941 1867 988 est,
1899 955 2010 991 quam

486 1016 524 1040 ut
548 1002 728 1039 condatur
751 1001 873 1039 curius
897 999 1177 1051 philosophicus
1203 1000 1242 1037 δι
1263 999 1563 1043 mathematicus,
1593 1009 1705 1046 quem
1725 1009 1879 1043 vocant,
1910 1010 2011 1035 nova

488 1057 645 1107 quadam
663 1056 864 1102 methodo,
896 1069 1007 1105 quam
1029 1055 1279 1105 praescribere
1301 1053 1445 1104 possum
1468 1053 1509 1091 δι
1526 1064 1618 1102 quae
1632 1052 1724 1090 nihil
1739 1054 1778 1089 in
1794 1052 1829 1090 se
1845 1054 2011 1090 continet

489 1125 547 1151 aut
570 1111 752 1150 difficilius
774 1125 886 1161 quam
909 1112 969 1148 alii
988 1110 1109 1149 cursus
1125 1122 1184 1147 aut
1202 1110 1246 1146 ab
1261 1109 1325 1147 usu
1342 1110 1381 1147 ἃ,
1396 1120 1506 1158 captu
1522 1109 1720 1154 remotius,
1751 1120 1810 1146 aut
1827 1121 1846 1145 a
1864 1107 2012 1145 consue-

489 1167 615 1206 tudine
631 1166 813 1205 scribendi
830 1168 990 1205 alienius.
1049 1167 1135 1203 Nec
1151 1167 1267 1202 multo
1286 1166 1369 1213 plus
1385 1164 1522 1201 laboris
1540 1165 1725 1214 exigeret,
1741 1176 1851 1212 quam
1867 1164 1906 1200 in
1923 1175 2014 1200 non-

492 1225 611 1261 nullos
628 1223 749 1260 cursus
766 1234 825 1260 aut
840 1222 1034 1259 nonnullas
1051 1220 1347 1272 Encyclopedias
1366 1231 1405 1257 ut
1427 1220 1626 1267 loquuntur
1643 1220 1715 1255 iam
1738 1217 1944 1267 impensum
1960 1219 2013 1255 vi-

493 1279 634 1316 demus.
691 1279 846 1328 Aliquot
861 1277 1014 1315 sele&os
1032 1277 1202 1313 homines
1218 1288 1299 1312 rem
1313 1276 1408 1311 intra
1422 1275 1715 1322 quinquennium
1731 1272 1918 1310 absolvere
1933 1272 2015 1322 pos-

493 1334 527 1372 se
544 1345 654 1385 put03
684 1335 778 1371 intra
794 1334 984 1371 biennium
1001 1343 1122 1369 autem
1137 1330 1337 1375 dofiirinas,
1352 1330 1473 1380 magis
1489 1330 1527 1366 in
1542 1329 1617 1366 vita
1631 1328 1892 1377 frequentatas,
1905 1327 1944 1366 id
1962 1326 2014 1366 est
2049 1323 2051 1326 ⁴

496 1391 682 1428 Moralem
698 1390 737 1427 δι
752 1387 1063 1440 leIetaphyficam,
1077 1386 1321 1438 irrefragabili
1335 1385 1473 1423 calculo
1490 1384 1727 1423 exhibebunt.

609 1501 790 1538 Numeris
815 1511 937 1538 autem
959 1497 1256 1536 charae’teristicis
1274 1498 1536 1548 plerarumque
1550 1497 1746 1534 notionum
1762 1495 1872 1533 semel
1889 1493 2018 1533 consti·-

500 1557 584 1593 tutis
606 1556 755 1592 habebit
778 1568 894 1605 genus
918 1555 1119 1591 humanum
1144 1556 1276 1605 organi
1299 1566 1416 1604 genus
1441 1565 1603 1599 novum,
1641 1553 1722 1602 plus
1745 1553 1861 1588 multo
1883 1552 2016 1588 mentis

500 1612 705 1660 potentiam
721 1610 930 1654 aucffurum,
959 1622 1070 1657 quam
1092 1610 1187 1646 vitra
1209 1610 1331 1658 optica
1353 1609 1480 1646 oculos
1499 1609 1694 1658 juverunt,
1723 1618 1898 1655 tantoque
1917 1605 2019 1655 supe-

501 1668 576 1703 rius
592 1665 852 1714 Microscopiis
867 1676 926 1701 aut
941 1662 1188 1713 Telescopiis,
1218 1675 1357 1711 quanto
1373 1662 1614 1712 praestantior
1630 1661 1680 1699 est
1696 1663 1790 1699 ratio
1804 1661 1892 1698 visu.
1933 1661 2019 1697 Nec

502 1734 665 1769 unquam
687 1733 770 1757 acus
798 1720 1004 1769 magnetica
1028 1719 1111 1767 plus
1135 1717 1322 1754 commodi
1350 1717 1607 1767 navigantibus
1630 1718 1765 1761 attulit,
1796 1729 1908 1764 quam
1929 1715 2020 1753 haec

504 1774 685 1827 cynosura
700 1776 1039 1824 experimentorum
1054 1785 1154 1810 mare
1170 1772 1395 1809 tranantibus
1414 1771 1515 1808 feret.
1574 1771 1679 1819 Qiae
1703 1772 1770 1807 alia
1789 1770 1874 1807 inde
1898 1769 2021 1807 conse-

505 1845 542 1879 qi
557 1842 663 1868 entur
686 1832 724 1867 in
748 1830 907 1866 fatorum
930 1829 1080 1865 arbitrio
1104 1827 1153 1864 est
1160 1841 1171 1874 3
1217 1827 1281 1864 nili
1298 1839 1432 1877 magna
1449 1837 1571 1863 autem
1588 1826 1627 1863 ὃς
1646 1825 1746 1862 bona
1763 1824 1831 1862 esse
1850 1837 1927 1861 non
1942 1824 2022 1874 pos-

506 1885 543 1923 su
571 1897 595 1924 t.
654 1887 757 1923 Nam
774 1886 848 1921 aliis
866 1884 1037 1921 omnibus
1056 1883 1203 1920 dotibus
1220 1883 1391 1919 homines
1407 1881 1609 1918 deteriores
1625 1880 1733 1917 reddi
1755 1878 1919 1930 possunt,
1948 1878 2025 1917 sola

508 1941 608 1979 reeta
625 1942 717 1977 ratio
732 1939 797 1977 nisi
813 1939 972 1976 salutaris
991 1938 1060 1976 effe
1076 1951 1152 1975 non
1170 1937 1298 1987 potest.
1357 1936 1511 1973 Ree‘tam
1528 1947 1649 1972 autem
1665 1947 1743 1971 tum
1768 1934 1919 1972 demum
1941 1934 2024 1972 fore

510 1998 592 2045 quis
612 1994 769 2040 dubitet,
801 2008 884 2031 cum
909 2006 1025 2042 aeque
1050 1995 1144 2030 clara
1167 2004 1339 2040 certaque
1363 1992 1497 2039 ubique
1522 1992 1588 2028 erit
1604 2002 1711 2038 atque
1727 1991 1765 2026 in
1780 1990 2024 2026 Arithmetica

511 2050 688 2089 haetenus
705 2049 780 2085 fuit.
837 2050 962 2096 Itaque
982 2051 1194 2098 importuna
1210 2049 1268 2084 illa
1285 2047 1443 2095 objeffio
1458 2045 1621 2090 cessabit,
1652 2045 1725 2093 qua
1749 2057 1844 2081 nunc
1867 2046 1956 2081 alter
1979 2045 2025 2081 al—

513 2118 634 2144 terum
658 2105 842 2154 exagitare
868 2104 956 2140 solet
980 2104 1018 2140 ἃ
1043 2116 1134 2152 quae
1161 2103 1341 2152 plurimos
1366 2101 1385 2137 a
1409 2100 1649 2138 ratiocinandi
1670 2101 1857 2136 voluntate
1874 2100 2025 2145 avertit,

514 2163 688 2198 nimirum
711 2172 795 2196 cum
820 2160 900 2206 quis
919 2170 1212 2207 argumentatur,
1244 2158 1334 2193 alter
1358 2170 1433 2193 non
1458 2168 1533 2193 tam
1557 2157 1739 2193 examinat
1764 2166 2025 2204 argumentum

517 2229 629 2266 quam
649 2213 737 2252 illud
762 2213 933 2265 generale
959 2214 1123 2262 reponit:
1154 2211 1250 2249 unde
1267 2212 1329 2250 Tu
1351 2211 1444 2249 nosti
1469 2222 1568 2249 tuam
1591 2211 1772 2249 rationem
1795 2221 1878 2248 mea
1895 2209 2027 2247 reE’tio-

1926 2261 2026 2303 rem?
