2164 2844
501 236 577 280 516
638 229 1141 291 DIFFICVLTATES
1201 232 1515 282 QVAEDAM
1574 231 1871 271 LOGICAE.

498 341 570 380 pro
595 328 730 366 ridente
753 329 884 366 afiuali.
957 330 1204 382 Syllogismus
1234 329 1294 366 hic
1324 331 1361 367 in
1383 329 1541 381 Darapti
1565 328 1806 367 demonstrari
1830 327 1948 380 potest
1972 341 2020 368 ex

499 386 619 434 prima
637 397 705 434 per
721 384 935 435 regressum,
949 384 1007 423 seu
1024 386 1116 422 nihil
1133 384 1229 422 aliud
1246 384 1457 423 assumendo
1477 398 1587 433 quam
1605 386 1706 436 leges
1724 385 2020 436 oppositionum,

501 439 590 476 dum
607 439 738 477 scilicet
754 440 913 478 sumatur
930 441 1178 492 Syllogismus
1195 442 1231 477 in
1248 443 1367 491 prima
1393 441 1431 478 ὃς
1457 440 1639 477 assumitur
1666 440 1938 478 conclusionem
1961 440 2021 477 fal-

498 494 571 532 sam
588 494 656 532 esse
675 496 713 533 &
728 509 837 533 unam
856 495 1132 546 praemissarum
1156 495 1224 533 esse
1245 508 1381 533 veram.
1439 497 1540 533 Hinc
1562 495 1722 545 sequitur
1744 498 1893 534 alteram
1917 507 2020 547 prae-

500 549 685 588 missarum
709 551 777 589 effe
799 550 934 589 falsam.
993 550 1116 589 Falsae
1136 563 1255 589 autem
1271 551 1513 589 conclusionis
1532 551 1703 602 opposita
1718 550 1768 589 est
1783 564 1880 589 vera.

613 607 735 656 Leges
761 618 881 643 autem
910 606 1187 657 oppositionum
1214 608 1421 657 primitivae
1446 606 1535 644 sunt.
1594 609 1641 644 V.
1660 619 1695 658 g.
1720 609 1830 645 omnis
1853 607 1952 644 homo
1976 606 2021 654 est

498 662 633 699 animal.
677 663 776 698 Huic
794 663 850 711 ajo
867 664 1028 712 opponi:
1059 661 1197 712 quidam
1213 663 1309 699 lzomo
1328 676 1395 699 non
1414 664 1457 710 est
1480 662 1617 700 animal.
1677 664 1779 700 Nam
1797 664 1906 700 omnis
1921 662 2019 700 homo

499 718 542 764 cst
559 717 690 754 animal
702 716 800 754 idem
818 717 867 754 est
885 716 986 765 quod
1004 719 1039 754 A
1057 718 1173 754 homo
1193 717 1242 754 est
1260 719 1402 764 animal,
1433 719 1460 753 B
1480 718 1596 754 homo
1612 717 1661 755 est
1678 719 1821 764 animal,
1853 717 1886 754 C
1903 717 2020 754 homo

502 772 552 809 est
570 773 703 809 animal
729 772 767 808 &
791 773 838 808 ita
864 774 901 808 in
926 774 1096 818 caeteris3
1127 773 1166 809 &
1188 772 1325 823 quidam
1351 774 1448 810 lzomo
1471 786 1539 809 non
1563 773 1607 820 est
1631 774 1775 818 animal,
1805 773 1896 809 nihil
1923 771 2021 809 aliud

500 826 587 864 dicit
604 840 714 875 quam
731 828 757 862 B
776 840 851 863 non
869 826 936 864 effe
954 829 1085 864 animal
1104 828 1161 863 vel
1179 827 1314 875 aliquid
1341 829 1421 864 tale.
1481 829 1606 874 ltaque
1624 839 1881 877 opponuntur:
1911 829 2022 864 omnis

500 883 598 920 homo
624 883 668 928 cst
689 882 819 919 animal
839 883 877 918 ὃς
902 881 1042 931 quidam
1065 882 1162 917 homo
1187 895 1254 917 72072
1279 882 1322 927 est
1347 882 1483 918 aninml.
1542 882 1600 917 Sic
1619 894 1878 930 opponuntur:
1907 883 2022 919 nullus

499 938 598 975 homo
617 937 660 984 est
673 937 760 986 lapis
784 937 823 972 δε
846 936 984 986 quidam
1001 936 1098 972 homo
1118 937 1162 982 est
1179 936 1284 985 lapi-⁸3
1315 948 1399 972 nam
1422 937 1535 973 nullus
1552 935 1650 973 homo
1666 936 1710 984 est
1731 936 1820 986 lapis
1842 935 2021 987 fignificat

500 994 535 1028 A
552 992 669 1028 homo
693 1004 769 1028 non
785 990 834 1027 est
850 992 959 1040 lapis,
991 991 1018 1026 B
1043 991 1160 1027 homo
1183 1004 1258 1027 non
1283 990 1332 1027 est
1349 992 1458 1041 lapis,
1490 991 1523 1028 C
1540 991 1657 1028 homo
1681 1004 1758 1028 non
1776 991 1826 1029 est
1840 993 1932 1042 lapis
1949 992 2021 1029 &a

500 1048 603 1097 Ergo
626 1046 709 1083 falsa
733 1046 782 1083 est
807 1047 903 1083 talis:
936 1047 962 1082 B
982 1046 1098 1082 homo
1123 1044 1172 1082 est
1193 1047 1304 1096 lapis,
1335 1059 1426 1095 quae
1451 1047 1541 1083 nihil
1563 1045 1662 1083 aliud
1685 1045 1736 1084 est
1756 1060 1866 1095 quam
1889 1048 2019 1096 aliquis

501 1103 618 1138 homo
635 1101 683 1138 est
699 1103 801 1151 lapis.
861 1102 984 1150 Atque
1001 1102 1073 1138 hoc
1092 1100 1142 1138 est
1156 1103 1310 1151 proprie
1333 1101 1457 1139 elifium
1481 1101 1521 1139 de
1544 1104 1637 1138 omni
1659 1101 1703 1139 ΕΤ
1715 1101 1840 1139 Alfium
1855 1101 1895 1139 de
1910 1103 2020 1148 nullo,

500 1168 676 1205 tanquam
708 1156 991 1194 fundamentum
1022 1158 1143 1194 omnis
1175 1156 1366 1194 doetrinae
1390 1157 1649 1209 syllogisticae,
1694 1169 1828 1208 nempe
1853 1157 2021 1195 doetrina

501 1212 779 1262 oppositionum
801 1213 938 1262 pariter
963 1226 1003 1249 ac
1026 1214 1166 1262 primae
1189 1212 1350 1262 figurae,
1381 1214 1514 1250 veluti:
1554 1216 1664 1250 omnis
1684 1213 1783 1250 homo
1808 1214 1853 1260 est
1873 1212 2020 1258 animal,-

502 1270 613 1305 omm‘s
638 1268 736 1305 miles
758 1269 801 1315 cst
822 1268 942 1315 l10m05
971 1268 1072 1319 Ergo
1096 1269 1206 1304 omnis
1226 1268 1323 1304 miles
1347 1269 1390 1315 cst
1412 1268 1547 1305 animal.
1606 1268 1684 1314 Jam
1708 1269 1812 1305 miles
1838 1267 1954 1304 homo
1979 1267 2018 1304 &

500 1324 606 1360 miles
623 1323 837 1360 coincidunt
852 1323 950 1372 (quia
967 1325 1087 1360 omnis
1106 1324 1210 1360 miles
1227 1322 1276 1360 est
1292 1323 1422 1372 homo)
1432 1324 1534 1375 Ergo
1551 1323 1765 1360 coincidunt
1781 1324 1885 1360 miles
1901 1322 2019 1368 homo

502 1378 552 1417 est
571 1380 703 1415 animal
721 1379 760 1416 &
776 1380 879 1416 miles
895 1378 945 1415 est
962 1379 1103 1415 animal.

615 1435 741 1483 Itaque
768 1435 988 1471 recurrimus
1012 1433 1057 1470 ad
1081 1433 1360 1471 fundamentum
1388 1433 1477 1471 illud
1499 1447 1624 1472 meum
1650 1433 1896 1480 reduffionis,
1944 1444 2020 1482 quo

502 1490 587 1527 alias
609 1488 856 1527 demonstravi
880 1490 980 1540 leges
1005 1489 1251 1540 syllogisticas.
1311 1490 1447 1527 Omnis
1465 1490 1582 1527 homo
1598 1489 1648 1527 est
1664 1491 1815 1535 animal,
1845 1488 1893 1526 fic
1910 1490 2019 1525 inter-

501 1545 690 1595 pretabar:
720 1546 851 1582 Homo
868 1546 1001 1582 animal
1024 1545 1062 1582 &
1089 1545 1205 1582 homo
1229 1547 1478 1594 aequivalens,
1509 1544 1567 1582 seu
1591 1547 1656 1594 qui
1679 1544 1766 1581 dicit
1781 1546 1840 1582 Te
1863 1543 1932 1581 effe
1955 1544 2019 1580 ho-

500 1601 640 1637 minem
665 1599 752 1636 dicit
774 1601 832 1636 Te
858 1599 925 1636 effe
951 1601 1093 1636 animal.
1160 1600 1322 1649 Qiidam
1350 1600 1384 1638 se
1408 1601 1615 1650 appellabat
1641 1599 1852 1651 Griinberg,
1890 1597 2018 1636 viridis

501 1667 620 1692 mons.
680 1654 820 1692 Sodalis
847 1656 878 1691 ei
904 1654 1008 1700 dicit,
1040 1654 1219 1692 sufficeret
1243 1667 1281 1692 ut
1296 1657 1354 1692 Te
1373 1657 1576 1706 appellares
1593 1655 1711 1707 Berg,
1740 1667 1859 1692 mons.
1918 1653 2020 1703 Qud

501 1709 577 1747 ita?
608 1709 805 1760 respondet
829 1711 949 1759 prior,
981 1714 1134 1759 putassne
1160 1722 1290 1747 omnes
1316 1722 1461 1748 montes
1488 1711 1557 1748 effe
1581 1710 1744 1749 virides?
1775 1710 1846 1748 Cui
1870 1709 2018 1754 sodalis,

500 1766 569 1811 ita,
599 1766 736 1813 inquit,
767 1779 863 1802 nunc
879 1776 995 1811 certe,
1022 1778 1107 1802 nam
1125 1764 1235 1802 aestas
1259 1776 1345 1802 erat.
1404 1766 1455 1802 Ita
1473 1766 1521 1801 illi
1540 1767 1710 1803 naturalis
1728 1765 1845 1802 sensus
1860 1764 2020 1801 diRabat

501 1821 590 1857 haec
610 1820 684 1858 duo
704 1820 934 1867 co'i’ncidere,
966 1822 1086 1858 omnis
1102 1833 1212 1858 mons
1227 1820 1276 1858 est
1293 1819 1420 1858 viridis
1447 1820 1486 1858 &
1505 1821 1735 1869 aequivalent
1758 1819 1887 1856 viridis
1909 1831 2019 1856 mons

502 1876 542 1913 δι
564 1888 682 1913 mons.

618 1930 802 1968 Redufflo
825 1944 907 1969 mea
930 1943 1034 1969 vetus
1056 1933 1136 1969 talis
1160 1931 1235 1968 fuit.
1278 1931 1488 1980 Univetsszlis
1510 1930 1737 1976 ffrmativa:
1769 1930 1895 1968 Omne
1920 1929 1953 1966 A
1970 1927 2020 1966 est

504 1986 553 2032 133
582 1985 619 2022 id
645 1986 694 2022 est
717 1988 947 2035 aequivalent
964 1988 1028 2023 AB
1046 1987 1085 2024 &
1101 1988 1134 2023 A
1152 1987 1209 2023 seu
1224 1988 1260 2025 A
1279 2000 1351 2023 nou
1373 1988 1399 2023 B
1418 1986 1467 2023 est
1483 1999 1649 2023 non-ens.
1709 1984 1944 2022 Particularis
1964 1997 2020 2020 ne-

497 2043 643 2093 gativa:
673 2041 860 2088 quoddam
877 2044 910 2079 A
928 2055 1003 2079 non
1029 2042 1078 2079 est
1103 2043 1130 2078 B
1153 2041 1212 2079 scu
1237 2055 1312 2079 uon
1339 2043 1568 2090 aequivalent
1586 2042 1650 2078 AB
1668 2041 1707 2078 δε
1721 2042 1756 2077 A
1771 2040 1830 2077 seu
1846 2042 1881 2077 A
1896 2052 1973 2076 non
1988 2040 2017 2075 B

503 2096 554 2134 est
570 2098 652 2133 Ens.
712 2097 761 2132 At
787 2098 986 2146 universtzlis
1009 2100 1190 2149 negativa:
1221 2099 1357 2134 nullum
1377 2098 1409 2133 Α
1433 2096 1482 2134 est
1501 2097 1548 2142 B,
1579 2098 1648 2133 erit
1666 2097 1730 2133 ΑΒ
1755 2095 1805 2133 est
1828 2106 2017 2139 non-ens,

503 2152 543 2189 ὃς
555 2151 786 2201 particlthzris
807 2151 1011 2196 affirmativa
1028 2152 1215 2201 quoddam
1232 2154 1267 2189 A
1283 2152 1332 2189 est
1350 2154 1397 2197 B,
1429 2154 1496 2189 erit
1513 2151 1578 2188 AB
1597 2151 1646 2188 est
1664 2153 1748 2189 Ens.
1808 2152 1863 2188 Ex
1881 2150 1949 2186 hac
1966 2151 2017 2186 in-

499 2208 763 2257 terpretatione
793 2205 907 2243 statim
937 2219 1061 2256 patent
1094 2210 1242 2257 regulae
1275 2208 1552 2257 oppositionum
1591 2207 1741 2255 (quibus
1771 2204 2017 2243 demonstravi

502 2261 696 2299 secundam
716 2262 754 2299 &
769 2263 910 2299 tertiam
927 2275 972 2299 ex
988 2264 1108 2311 prima
1127 2263 1259 2312 figura)
1291 2264 1330 2300 &
1353 2264 1453 2313 leges
1479 2262 1763 2299 conversionum
1794 2261 1939 2310 (quibus
1957 2257 2016 2294 de-

501 2316 702 2356 monstravi
720 2317 878 2369 figuram
897 2318 1079 2368 quartam)
1109 2329 1148 2356 ut
1166 2318 1398 2358 manifestum
1414 2317 1462 2357 est
1469 2331 1481 2369 5
1512 2331 1598 2356 nam
1617 2319 1664 2356 U.
1673 2319 1718 2357 A.
1736 2317 1821 2356 &R
1830 2316 1881 2353 N.
1898 2324 2015 2363 oppo-

1879 2379 2015 2408 nuntur
