2132 2860
399 220 954 264 CHARACTERICAE
1018 223 1453 268 VNIVERSALIS.
1600 243 1674 279 539

170 316 276 357 rem‘?
306 318 409 368 quod
435 318 545 358 habes
571 321 744 359 criterion
768 320 958 360 veritatis?
988 322 1033 359 Et
1055 321 1079 359 s:
1097 324 1201 373 prior
1221 323 1266 361 ad
1284 338 1496 375 argumenta
1520 325 1577 364 sua
1594 339 1678 377 pro·

169 385 297 419 vocet,
328 386 414 411 tune
432 377 575 413 alterius
592 378 765 426 patientia
783 375 897 414 dificit
915 377 1155 414 examinandi.
1215 380 1431 429 Plerumque
1450 385 1546 418 cuim
1566 383 1679 419 multa

169 428 371 466 admodum
402 431 617 468 excutienda
647 431 726 469 suut
753 432 792 469 ὃ(
815 433 953 480 aliquot
980 432 1260 482 septimanarum
1293 435 1430 473 futurus
1458 437 1540 474 eil'et
1572 437 1675 473 labor

168 495 335 533 receptas
360 484 534 523 lmE'oeuus
557 485 796 523 ratiocinandi
818 487 917 537 leges
934 486 1108 524 secuturo.
1168 489 1290 536 Itaque
1310 490 1389 539 post
1406 493 1554 528 multam
1570 493 1680 541 agita-

168 540 311 576 tionem
327 540 546 589 plerumque
563 540 713 578 effecius
729 542 851 591 potius
869 554 979 590 quam
996 544 1152 580 rationes
1171 545 1338 589 vincunt,
1355 545 1394 582 δι
1411 546 1678 584 controversias

170 593 329 644 abrupto
344 595 467 644 potius
483 594 585 632 nodo
603 596 753 633 Gordio
769 609 879 644 quam
902 596 1017 633 soluto
1035 599 1281 635 terminamus.
1340 601 1426 637 Hoc
1444 602 1622 650 imprimis
1639 601 1679 638 iit

169 648 208 686 in
233 647 555 687 deliberationibus
581 650 626 687 ad
651 652 765 687 vitam
791 652 1076 700 pertinentibus,
1115 653 1175 689 ubi
1198 653 1332 702 ahquid
1356 654 1584 692 statuendum
1611 654 1680 702 est3

171 702 234 740 sed
250 704 449 742 commoda
466 716 574 753 atque
592 705 830 742 incommoda
855 707 960 754 (quae
976 705 1081 756 saepe
1101 709 1270 756 utrinque
1287 710 1398 746 multa
1415 710 1506 758 sunt)
1529 712 1628 747 velut
1643 712 1680 748 in

172 758 314 796 bilance
337 761 546 796 examinare
571 761 695 809 paucis
719 759 844 796 datum
867 761 926 797 est.
984 761 1109 808 Itaque
1126 774 1236 811 prout
1258 764 1316 800 hic
1339 777 1468 809 unam,
1498 766 1556 802 ille
1576 767 1680 802 aliam

172 812 477 851 circumstantiam
496 815 726 863 eloquentius
742 814 782 851 ἃ.
799 813 978 852 efficacius
996 815 1060 851 sibi
1076 816 1225 864 aliisque
1243 818 1531 867 repraesentare,
1549 831 1681 856 ornare

171 868 213 907 δι
227 870 384 919 pingere
402 870 520 912 novit,
549 879 734 913 movetur,
759 880 818 905 aut
832 871 974 906 animos
992 870 1185 907 hominum
1202 871 1320 908 secum
1338 875 1444 922 rapit,
1474 873 1682 923 praesertim

171 922 200 961 fi
216 923 405 959 affectibus
423 933 553 958 eorum
579 921 688 959 astute
714 933 843 959 utatur.
901 923 976 971 Qii
992 936 1083 960 vero
1100 925 1138 960 in
1157 927 1275 973 aliqua
1291 926 1552 966 deliberatione
1570 940 1685 965 totam

172 978 343 1025 utrinque
361 977 518 1013 tabulam
536 978 676 1027 accepti
692 977 732 1014 δε
747 976 895 1027 expensi
913 977 1130 1023 subducere,
1160 979 1195 1014 id
1216 979 1264 1016 est
1281 981 1477 1018 commoda
1494 983 1533 1019 &
1548 984 1686 1019 incom-

173 1031 285 1069 moda
303 1044 379 1069 non
399 1043 539 1068 tantum
559 1044 751 1069 numerare
771 1031 831 1068 sed
851 1033 890 1069 δε,
905 1032 1004 1069 reite
1021 1033 1228 1082 ponderare
1245 1033 1372 1083 possit,
1411 1037 1473 1072 vix
1489 1038 1683 1085 quisquam

175 1086 235 1124 est.
292 1087 418 1135 Itaque
442 1085 535 1131 duo,
566 1088 629 1135 qui
653 1085 852 1136 disputant,
884 1087 960 1124 fere
981 1088 1071 1123 mihi
1097 1087 1239 1125 duobus
1262 1090 1525 1128 mercatoribus
1550 1090 1681 1128 similes

174 1141 366 1187 videntur,
396 1143 458 1190 qui
474 1141 537 1178 fibi
553 1153 680 1178 mutuo
698 1154 744 1178 ex
760 1142 882 1179 multis
901 1142 1080 1191 capitibus
1103 1141 1287 1180 debitores
1311 1144 1440 1189 ess'ent,
1470 1144 1529 1182 sed
1546 1146 1684 1182 nollent

175 1209 337 1246 unquam
356 1195 401 1233 ad
420 1197 589 1247 generale
606 1195 770 1234 eiusdem
785 1196 935 1233 bilancis
954 1209 1109 1234 examen
1125 1199 1270 1243 venire,
1286 1200 1427 1236 interea
1441 1201 1540 1237 varie
1557 1201 1684 1237 merita

177 1253 333 1300 quisque
352 1250 410 1287 sua
429 1263 517 1301 erga
532 1253 684 1288 alterum
708 1252 748 1289 δι
765 1250 996 1299 quorundam
1022 1251 1255 1302 singularium
1280 1255 1471 1291 nominum
1493 1257 1684 1291 veritatem

177 1319 219 1343 ac
235 1305 527 1356 magnitudinem
545 1318 821 1356 exaggerarent.
879 1307 931 1342 Hi
948 1307 1046 1343 certe
1064 1306 1111 1344 fic
1127 1306 1276 1356 quidem
1295 1321 1483 1357 nunquam
1500 1310 1599 1346 litem
1617 1321 1685 1346 ter-

175 1361 374 1397 minabunt.
432 1359 548 1408 quue
563 1361 738 1398 haetenus
756 1363 792 1397 in
809 1362 994 1410 plerisque
1010 1362 1267 1399 controversiis
1279 1390 1288 1405 ,
1318 1363 1377 1399 ubi
1395 1376 1451 1401 res
1469 1363 1605 1412 liquida
1630 1363 1681 1412 (id

176 1415 228 1453 est
243 1415 288 1452 ad
307 1427 480 1452 numeros
504 1416 687 1464 revocata)
705 1428 778 1452 non
794 1415 862 1461 est,
891 1416 970 1453 fieri
986 1417 1109 1453 mirari
1129 1430 1203 1454 non
1220 1417 1405 1455 debemus.
1462 1419 1575 1455 Nunc
1593 1430 1684 1454 vero

179 1469 466 1507 chara&c1·istica
487 1469 607 1507 nostra
630 1470 758 1506 cuncla
782 1469 826 1506 ad
844 1483 1018 1508 numeros
1040 1472 1227 1508 revocabit
1251 1473 1290 1509 δε
1310 1484 1347 1508 ut
1361 1471 1558 1522 ponderari
1576 1474 1683 1510 etiam

180 1527 340 1562 rationes
359 1536 492 1574 queant
510 1526 610 1562 velut
625 1524 813 1574 quoddam
828 1525 980 1562 Staticae
997 1537 1112 1576 genus
1132 1525 1240 1564 dabit.
1299 1528 1400 1564 Nam
1423 1529 1531 1564 etiam
1554 1527 1685 1578 proba-

178 1579 331 1617 bilitatcs
349 1580 485 1616 calculo
502 1591 541 1616 ut
557 1579 856 1617 demonstrationi
873 1579 1123 1629 subjiciuntur,
1155 1594 1236 1618 cum
1255 1581 1431 1619 aestimari
1449 1581 1592 1632 semper
1608 1581 1687 1631 pos-

177 1634 241 1680 sit,
270 1633 458 1683 quodnam
485 1647 531 1672 ex
554 1635 647 1672 datis
673 1634 948 1672 circumstantiis
974 1635 1199 1685 probabilius
1227 1635 1265 1672 sit
1287 1636 1456 1673 futurum.
1515 1637 1685 1684 Denique

180 1691 242 1738 qui
259 1690 360 1726 certo
378 1688 561 1738 persuasus
585 1689 634 1726 est
658 1689 702 1726 de
726 1691 916 1739 religionis
940 1692 1090 1726 veritate
1116 1691 1154 1727 &
1179 1690 1279 1738 quod
1304 1690 1388 1726 hinc
1410 1690 1567 1738 sequitur
1589 1702 1685 1727 tanta

180 1745 269 1782 alios
292 1745 438 1781 caritate
460 1743 736 1793 complestitur,
780 1756 818 1780 ut
845 1756 949 1793 optet
972 1746 1116 1793 generis
1143 1745 1289 1780 humani
1314 1744 1609 1789 conversionem,
1655 1747 1684 1781 is

180 1810 297 1844 certe,
328 1799 389 1835 ubi
414 1799 503 1848 haec
525 1799 722 1848 intelliget,
751 1798 917 1835 fatebitur
943 1798 988 1835 ad
1010 1797 1292 1848 propagandam
1315 1797 1429 1835 fidem
1454 1811 1598 1848 praeter
1622 1801 1686 1836 mi-

180 1854 298 1891 racula
321 1853 360 1891 ἃ.
385 1852 609 1890 Faustitatem
632 1853 793 1890 hominis
817 1853 1003 1890 cuiusdam
1022 1852 1242 1902 Apostoliei,
1280 1864 1339 1889 aut
1361 1853 1533 1891 vietorias
1559 1855 1687 1904 magni

179 1907 430 1951 Monarchae‚
461 1908 551 1943 nihil
571 1906 750 1943 efficacius
774 1907 845 1943 hoc
868 1908 1020 1944 invento
1043 1907 1129 1953 effe3
1160 1920 1243 1944 narn
1258 1908 1318 1943 ubi
1337 1906 1445 1945 semel
1467 1909 1486 1944 a
1502 1908 1686 1945 Missiona-

181 1963 244 2000 riis
267 1961 357 1998 haec
381 1961 506 2010 lingua
529 1960 711 1997 introduci
737 1963 891 2010 poterit,
935 1963 1065 2010 religio
1097 1973 1202 2006 vera,
1243 1974 1335 2010 quae
1369 1963 1527 2000 maxime
1555 1965 1685 2000 rationi

182 2015 422 2054 consentanea
445 2015 511 2060 est,
556 2014 705 2052 stabilita
736 2017 803 2052 crit
833 2016 871 2052 ὅτ,
897 2028 973 2052 non
996 2017 1114 2066 magis
1136 2016 1373 2066 imposterum
1401 2016 1595 2054 metuenda
1621 2019 1686 2054 erit

181 2070 388 2120 Apostasia,
419 2083 529 2118 quam
554 2082 598 2106 ne
625 2070 793 2106 homines
818 2071 1098 2107 Arithmeticam
1120 2081 1180 2107 aut
1202 2071 1474 2116 Geometriam,
1507 2085 1615 2120 quam
1640 2071 1686 2107 se-

182 2127 256 2162 mel
282 2124 462 2168 didicere,
499 2136 587 2161 mox
611 2123 795 2160 damnent.
855 2125 978 2172 Itaque
1001 2136 1148 2174 repeto,
1185 2124 1286 2173 quod
1313 2124 1416 2175 saepe
1441 2125 1534 2169 dixi,
1572 2125 1686 2161 homi-

182 2192 289 2224 nem,
317 2181 380 2228 qui
399 2191 516 2227 neque
535 2179 721 2228 Propheta
743 2178 783 2216 sit
803 2191 921 2227 neque
939 2180 1132 2229 princeps,
1161 2181 1276 2217 maius
1298 2179 1431 2228 aliquid
1454 2180 1599 2229 generis
1624 2180 1685 2216 hu-

182 2235 282 2271 mani
299 2234 399 2272 bono
417 2245 484 2271 nec
513 2232 657 2270 divinae
682 2234 819 2283 gloriae
839 2233 1347 2286 accommodatius'suscipere
1371 2246 1553 2281 nunquam
1577 2234 1686 2284 posse.

213 2304 217 2307 ·
898 2288 1005 2338 Yyy
1039 2300 1059 2327 2
1613 2287 1683 2325 Sed
