2164 2844
486 220 564 258 520
623 196 1124 243 DIFFICVLTATES
1182 196 1502 246 QVAEDAM
1560 195 1857 235 LOGICAE.

476 304 676 358 pretatione
691 298 878 338 collefiiva:
909 296 1054 333 Omnes
1073 294 1243 331 homines
1262 292 1340 330 sunt
1366 295 1402 330 in
1420 294 1717 345 intelligentibus.
1777 293 1923 331 Omnes
1938 292 2003 330 ho-

483 363 599 399 mines
618 353 696 395 sunt
717 358 755 392 in
778 352 1001 391 animalibus.
1061 350 1163 399 Ergo
1180 348 1359 397 quaedam
1377 351 1542 386 animalia
1558 350 1638 386 sunt
1653 351 1691 386 iti
1707 348 2004 399 intelligentibus.

483 414 765 453 Transferanius
784 409 830 447 ad
848 409 944 445 hunc
961 406 1248 457 syllogismum,
1280 417 1354 453 quo
1372 404 1565 442 conversio
1583 417 1651 455 pei·
1669 403 1837 442 accidens
1853 403 2004 442 demon-

482 471 628 509 stratur:
659 468 780 505 omnis
800 463 925 502 ridens
943 461 992 499 est
1015 459 1158 506 ridens,
1189 461 1311 497 omnis
1338 459 1461 497 ridens
1486 460 1536 497 est
1559 460 1694 506 homo,
1736 472 1829 510 ergo
1853 458 2006 509 quidam

482 528 599 564 homo
619 523 668 562 est
684 521 826 566 ridens,
856 514 1152 567 interpretando:
1183 527 1313 552 omnes
1334 514 1493 553 ridentes
1514 515 1592 552 sunt
1614 517 1652 552 in
1673 514 1896 562 ridentibus,
1926 527 2004 552 om-

483 594 548 620 nes
565 581 725 618 ridentes
743 576 821 613 sunt
835 576 874 612 in
889 571 1120 617 hominibus,
1150 582 1242 621 ergo
1264 569 1413 619 quidam
1433 571 1603 608 homines
1630 570 1709 608 sunt
1730 572 1769 607 in
1790 569 2006 608 ridentibus.

483 637 555 675 Sed
571 634 659 685 quid
675 633 701 671 si
716 632 844 670 revera
861 630 979 667 nullus
997 627 1114 664 homo
1131 625 1273 663 rideat?
1305 626 1401 662 Dico
1418 626 1511 663 hanc
1532 626 1847 676 propositionem,
1873 637 2004 663 omnes

483 692 642 730 ridentes
667 689 745 726 sunt
763 689 799 724 in
824 683 1036 722 hominibus
1058 681 1117 718 seu
1136 694 1266 718 omnes
1285 681 1448 718 ridentes
1463 681 1542 718 sunt
1558 682 1729 720 homines
1751 683 1860 719 etiam
1880 681 2006 728 falsam

484 748 573 794 effe,
604 759 688 783 nam
705 755 743 780 ut
760 754 847 779 vera
864 739 906 777 sit
922 739 1031 776 etiam
1047 749 1135 774 vera
1152 737 1236 773 erit:
1267 735 1417 785 quidam
1436 736 1597 773 ridentes
1615 736 1694 774 sunt
1715 738 1753 774 in
1772 737 2003 780 hominibus;

482 803 542 841 sed
560 815 600 839 ea
616 799 699 837 falsa
714 797 764 835 est
781 796 807 833 si
824 796 940 832 nullus
959 793 1074 829 homo
1093 791 1220 828 rideat.
1278 793 1330 827 At
1354 791 1453 828 secus
1473 791 1523 828 est
1545 791 1570 828 si
1589 790 1706 829 dicas:
1738 805 1872 838 omnes,
1891 791 1930 841 fi
1946 793 2007 842 qui

482 858 617 902 rident,
635 856 724 903 fimt
746 855 781 889 in
804 847 1016 891 lzomz'nibus;
1045 859 1130 882 nam
1148 857 1194 881 ex
1213 846 1281 882 hac
1299 858 1377 881 non
1393 845 1570 892 sequitur:
1601 845 1758 895 quidam,
1789 849 1848 896 qui
1869 845 2006 892 rident,

470 915 559 962 sunt
574 915 610 948 in
624 906 815 947 hominibus
827 933 835 949 ‚
866 902 927 940 scd
942 903 1031 938 haee
1047 911 1208 937 tantum:
1239 898 1396 949 quidam,
1417 899 1454 948 fi
1465 901 1524 950 qui
1540 899 1675 945 rident,
1692 900 1757 948 sbu
1772 901 1942 950 fi‘pp‘fiti
1960 904 2006 937 ri-

482 968 618 1011 dentes,
636 958 724 1013 sum
747 964 782 998 in
807 956 1010 996 hominihus.
1069 956 1194 1003 Itaque
1219 956 1463 1005 Syllogismus
1490 956 1558 992 erit
1582 957 1680 992 talis:
1712 969 1828 993 omnes
1838 956 2009 1006 fiappofiti

482 1022 635 1060 ridentes
650 1020 739 1068 fimt
774 1014 916 1065 impositi
934 1011 1106 1056 ridentes,
1137 1011 1273 1059 (neque
1293 1011 1391 1047 enirn
1409 1011 1492 1047 licet
1511 1010 1654 1056 dicere,
1684 1023 1815 1049 ornnes
1830 1010 2007 1062 suppositi

482 1078 643 1116 ridentes
663 1074 741 1111 sunt
757 1071 837 1109 achi
855 1067 1030 1116 ridentes)
1048 1078 1179 1103 omnes
1196 1065 1370 1115 suppositi
1386 1064 1548 1104 ridentes
1564 1065 1644 1103 sunt
1660 1066 1842 1104 homines.
1900 1067 2005 1117 Ergo

482 1132 633 1183 quidam
657 1129 828 1166 homines
854 1124 933 1161 sunt
952 1120 1127 1172 suppositi
1152 1121 1335 1167 ridentes,
1365 1120 1426 1160 seu
1448 1120 1747 1172 interpretando:
1778 1135 1909 1160 omnes
1926 1121 2007 1172 sup-

481 1188 589 1239 positi
606 1185 766 1224 ridentes
783 1181 915 1219 suntin
932 1176 1125 1228 suppositis
1142 1176 1365 1222 ridentibus,
1396 1190 1528 1214 omnes
1550 1176 1725 1228 suppositi
1748 1176 1911 1216 ridentes
1926 1167 2007 1214 sunt

481 1247 519 1281 in
538 1240 770 1284 hominibus,
802 1236 934 1275 scilicet
954 1231 1167 1283 suppositis,
1198 1243 1292 1282 ergo
1308 1231 1459 1281 quidam
1479 1232 1650 1270 homines
1668 1231 1843 1282 suppositi
1865 1231 1944 1269 sunt
1964 1234 2004 1269 in

485 1297 679 1349 suppositis
703 1293 914 1332 ridentibus.
974 1290 1075 1327 Hinc
1100 1297 1199 1337 patet
1223 1289 1334 1325 etiam
1361 1287 1676 1325 subalternationis
1707 1287 2008 1336 consequentiam

483 1355 588 1392 simili
603 1350 723 1390 abusui
739 1349 943 1387 obnoxiam
959 1344 1037 1383 effe.
1082 1343 1218 1381 Omnis
1236 1342 1361 1380 ridens
1377 1342 1427 1380 est
1445 1343 1581 1389 hoino,
1597 1353 1691 1393 ergo
1709 1342 1859 1392 quidam
1880 1341 2004 1380 ridens

483 1409 533 1447 est
549 1410 676 1446 homo.
707 1406 851 1443 Revera
868 1403 966 1440 enim
977 1400 1124 1436 nemine
1140 1397 1264 1449 reapse
1281 1398 1423 1436 ridente
1440 1398 1557 1436 nullus
1572 1397 1696 1436 ridens
1713 1397 1764 1436 est
1780 1398 1908 1435 homo.
1937 1398 2007 1435 Ita·

484 1478 555 1514 que
580 1474 678 1514 patet
703 1463 737 1497 in
763 1461 823 1497 tali
846 1456 1054 1506 objectione
1080 1453 1376 1504 propositionem
1393 1453 1634 1491 universalem
1650 1454 1804 1504 intelligi
1823 1452 1939 1491 solere
1957 1451 2005 1490 de

484 1518 668 1569 supposito
685 1515 844 1559 ridente,
873 1511 1129 1563 particularem
1156 1509 1200 1547 de
1228 1509 1357 1546 asinali
1381 1508 1535 1546 ridente.
1593 1509 1719 1558 Itaque
1744 1522 1828 1545 cum
1852 1508 2004 1554 dicitur,

484 1576 605 1612 omnis
625 1571 747 1609 ridens
769 1569 817 1606 est
842 1570 976 1609 homo,
1006 1578 1098 1615 ergo
1117 1564 1268 1612 quidam
1292 1563 1416 1602 ridens
1438 1564 1487 1601 est
1508 1565 1642 1610 homo,
1673 1563 1792 1601 sensus
1812 1565 1898 1600 erit:
1927 1576 2004 1600 om-

485 1631 539 1666 nis
565 1626 768 1677 suppositus
792 1623 915 1661 ridens
934 1620 984 1658 est
1001 1621 1137 1664 honio,
1169 1633 1262 1670 ergo
1280 1619 1430 1668 quidam
1444 1619 1650 1670 suppositus
1668 1612 1792 1656 rid'ens
1811 1618 1860 1655 est
1877 1619 2003 1655 homo.

484 1683 595 1721 Unde
611 1682 710 1719 reCoe
728 1678 979 1720 concluditur,
1010 1674 1158 1723 quidam
1175 1675 1291 1711 homo
1316 1675 1466 1724 (nempe
1491 1674 1711 1724 suppositus)
1736 1673 1786 1711 est
1799 1672 2006 1724 suppositus

485 1739 617 1776 ridens.
675 1735 746 1773 Sed
762 1748 838 1772 non
856 1732 941 1770 inde
958 1730 1127 1767 infertur:
1158 1743 1242 1781 ergo
1261 1727 1397 1779 quidam
1415 1730 1513 1765 homo
1539 1730 1583 1775 est
1607 1730 1682 1766 αέῗιι
1705 1727 1833 1766 ridens.
1891 1727 1964 1766 Sed
1977 1727 2006 1766 fi

488 1794 607 1839 dicas,
638 1794 748 1829 omnis
769 1790 844 1827 [ιὲῗιι
867 1801 957 1825 mmc
980 1785 1115 1831 ridens,
1147 1786 1190 1833 est
1213 1785 1330 1829 homo,
1361 1785 1469 1833 ponis
1489 1783 1618 1820 revera
1633 1785 1792 1832 aliquem
1809 1796 1906 1819 nunc
1923 1782 2004 1819 achi

485 1849 625 1893 ridere,
655 1858 811 1894 eumque
839 1844 906 1882 else
933 1842 1142 1885 hominem,
1171 1839 1339 1889 adeoque
1363 1840 1522 1887 aliquem
1546 1838 1739 1875 hominem
1762 1837 1844 1875 afi'tu
1864 1836 2004 1885 ridere3

486 1904 628 1953 semper
652 1903 750 1939 enim
774 1896 1024 1938 assumendum
1049 1895 1117 1941 est,
1148 1897 1346 1933 terminum
1369 1893 1438 1931 effe
1457 1905 1588 1930 verum
1616 1894 1710 1939 Ens,
1741 1903 1776 1930 at
1798 1891 1882 1930 aestu
1905 1904 2005 1931 nunc

487 1958 609 1996 ridens
625 1970 670 1994 ne
690 1955 842 2005 quidem
858 1956 933 1993 Etis
951 1954 1017 1990 erit
1033 1951 1060 1989 si
1075 1951 1201 1989 falsum
1218 1950 1259 1987 sit
1282 1951 1442 1998 aliquem
1456 1948 1538 1986 a&u
1554 1947 1687 1985 ridere.

1144 2039 1344 2078 FINIS.

1181 2164 1308 2264 Q

1930 2332 2005 2370 DI-
