2132 2860
410 235 965 276 CHARACTERICAE
1029 233 1468 274 VNIVERSALIS.
1615 246 1692 282 537

178 332 589 379 admodum-Pascalius,
619 333 715 372 forte
737 335 911 371 maturius
935 332 1028 383 ipsas
1051 332 1214 370 scientias
1238 331 1422 381 auxiffem)
1452 331 1541 369 duas
1565 342 1688 369 tamen

178 389 227 425 ob
245 389 376 426 caussas
394 402 473 426 eam
489 389 788 427 Dissertationem
807 387 977 438 scripsisse
1003 401 1078 425 non
1102 390 1287 438 poenitet,
1317 390 1478 438 primum
1501 386 1602 436 quod
1623 389 1689 423 mi-

177 444 278 482 rifice
296 446 431 494 placuit
446 445 568 482 multis
585 443 877 494 ingeniosissimis
899 445 1008 489 viris,
1039 442 1170 480 deinde
1195 443 1296 492 quod
1309 445 1385 491 jam
1402 454 1488 479 tunc
1511 441 1688 478 indicium

175 500 325 549 aliquod
342 500 424 537 orbi
439 499 592 537 fecerim
607 501 748 537 inventi
762 500 848 545 mei,
864 510 910 535 ne
925 511 1021 535 nunc
1034 500 1198 548 primurn
1212 499 1295 536 talia
1309 497 1437 535 videar
1452 495 1687 534 comminisci.

291 610 371 649 Cur
385 623 498 648 nemo
523 600 751 656 mortalium‘,
781 621 972 658 quousque
996 610 1173 659 perungit
1197 610 1376 646 memoria
1398 608 1592 645 hominum
1609 621 1686 645 mo-

173 668 360 704 numentis
380 665 610 711 conservata,
642 665 687 702 ad
703 677 782 702 rem
801 676 938 701 tantam
955 663 1154 709 accesserit,
1185 664 1356 712 equidem
1374 663 1476 713 saepe
1493 663 1568 700 sum
1583 665 1689 700 mira-

175 731 236 758 tus
245 734 256 767 3
299 720 430 758 ordine
457 722 555 758 enim
584 719 882 756 ratiocinantibus
910 718 1120 755 huiusmodi
1143 719 1398 755 meditationes
1427 721 1520 755 inter
1550 720 1688 768 primas

175 786 372 813 occurrere
395 775 598 821 debebant,
625 773 942 823 quemadmodum
966 773 1057 810 mihi
1083 775 1257 823 contigit,
1283 775 1345 822 qui
1367 775 1404 809 in
1419 774 1559 823 Logica
1583 785 1688 810 occu-

174 842 284 880 patus
302 830 422 867 adhuc
437 842 532 880 puer
545 829 715 867 nondum
729 830 883 866 moralia
899 840 958 865 aut
971 828 1226 865 mathematica
1240 839 1300 865 aut
1315 827 1469 878 physica
1483 830 1689 877 attigeram,

175 885 249 922 huc
264 896 387 922 tamen
403 884 557 929 deveni,
587 883 637 920 ob
653 883 748 919 hanc
772 881 885 919 solam
908 884 1108 927 rationem,
1137 882 1240 930 quod
1263 882 1407 932 semper
1428 883 1594 931 principa
1616 884 1688 931 pri-

175 952 236 976 ma
255 950 482 987 quaererem.
525 939 666 975 Veram
682 949 802 974 autem
820 937 1057 974 aberrationis
1075 937 1094 973 a
1107 938 1215 985 janua
1233 936 1374 974 causam
1391 937 1569 981 arbitror,
1585 935 1688 984 quod

175 995 357 1044 principia
377 992 457 1030 sunt
478 994 696 1043 plerumque
719 991 819 1028 arida
835 992 874 1029 δι
889 1004 1021 1041 parum
1041 1003 1144 1041 grata
1159 991 1389 1036 hominibus,
1419 990 1586 1038 adeoque
1604 992 1690 1027 levi-

174 1060 232 1086 ter
247 1048 384 1099 gustata
401 1048 641 1085 dimittuntur.
699 1049 797 1084 Tres
820 1058 944 1084 tamen
969 1048 1071 1083 viros
1088 1048 1246 1083 maxime
1260 1048 1377 1082 miror
1393 1044 1438 1082 ad
1452 1055 1589 1081 tantam
1606 1057 1686 1082 rem

177 1116 256 1141 non
270 1102 445 1141 accessisse
457 1131 466 1149 ,
495 1102 749 1148 Aristotelem,
779 1102 1009 1148 Joachimum
1026 1102 1200 1151 Jungium
1218 1101 1257 1139 ὃς
1272 1101 1456 1138 Renatum
1471 1099 1688 1137 Cartesium.

175 1158 390 1197 Aristoteles
409 1160 528 1204 enim,
559 1171 642 1194 cum
659 1158 846 1208 Organon
869 1157 908 1194 &
924 1156 1183 1207 Metaphysica
1205 1156 1395 1201 scriberet,
1425 1156 1618 1192 notionum
1636 1156 1687 1192 in-

176 1215 265 1251 tima
280 1226 419 1264 magno
437 1215 590 1263 ingenio
607 1214 756 1250 rimatus
779 1212 837 1250 est.
896 1211 1104 1258 joachimus
1122 1212 1274 1261 Jungius
1290 1209 1526 1255 Lubecensis,
1557 1211 1613 1245 vir
1636 1209 1687 1246 est

176 1270 305 1319 paucis
331 1280 439 1305 notus
470 1270 578 1305 etiam
601 1270 638 1304 in
654 1267 728 1317 ipsa
745 1268 967 1312 Germania,
997 1265 1056 1303 sed
1073 1277 1173 1303 tanto
1193 1266 1260 1303 fuit
1270 1265 1408 1314 judicio
1434 1265 1473 1302 ὃς
1489 1266 1687 1314 capacitate

177 1325 290 1361 animi
312 1334 387 1360 tam
410 1325 479 1360 late
501 1334 650 1373 patente
672 1334 712 1360 ut
733 1322 888 1360 nesciam
910 1335 955 1358 an
978 1322 996 1358 a
1019 1334 1206 1369 quoquam
1229 1322 1457 1365 mortalium,
1485 1319 1563 1369 ipso
1580 1321 1689 1356 etiam

179 1378 347 1417 Cartefio
364 1391 442 1415 non
460 1390 637 1428 excepto,
661 1379 823 1428 potuerit
837 1376 970 1414 refflus
989 1375 1190 1426 exspeffiri
1206 1375 1415 1413 restauratio
1431 1387 1566 1425 magna
1582 1373 1690 1412 scien-

177 1435 330 1479 tiarum,
360 1433 387 1471 si
402 1435 460 1471 vir
479 1435 539 1470 ille
555 1445 616 1470 aut
631 1434 800 1483 cognitus
819 1444 879 1469 aut
894 1431 1033 1480 adjutus
1051 1431 1176 1468 fuisset.
1233 1431 1320 1467 Erat
1343 1442 1461 1467 autem
1481 1431 1556 1478 jam
1579 1429 1689 1466 senex

177 1502 263 1526 cum
285 1490 463 1539 inciperet
485 1489 619 1525 florere
635 1487 835 1532 Cartesius,
865 1499 903 1524 ut
928 1486 1129 1523 dolendum
1153 1485 1355 1522 admodum
1378 1485 1418 1522 sit
1442 1486 1576 1521 nullam
1601 1483 1688 1534 ipsis

175 1545 272 1582 inter
287 1543 322 1582 se
337 1545 504 1581 notitiam
518 1542 756 1580 intercessisse.
814 1541 926 1591 Qiod
945 1541 990 1578 ad
1009 1540 1211 1578 Cartesium
1227 1542 1371 1585 attinet,
1395 1539 1566 1588 equidem
1582 1539 1688 1575 huius

177 1600 251 1637 loci
275 1612 355 1636 non
376 1598 426 1636 est
448 1598 595 1636 laudare
616 1600 739 1635 virum
763 1599 901 1648 ingenii
926 1595 1178 1646 magnitudine
1200 1594 1326 1632 laudes
1344 1606 1464 1644 prope
1488 1593 1688 1643 supergres-

177 1653 267 1692 sum.
326 1654 438 1692 Certe
459 1655 559 1691 viam
579 1653 704 1690 institit
725 1666 794 1703 per
812 1652 916 1689 Ideas
942 1664 1069 1688 veram
1093 1651 1133 1688 ὃς
1155 1650 1292 1687 re&am
1317 1650 1356 1686 δε
1379 1650 1449 1686 huc
1475 1648 1687 1693 dueentem3

176 1708 240 1746 sed
255 1722 340 1746 curn
356 1708 401 1746 ad
417 1708 579 1759 plausum
597 1708 656 1746 sua
674 1710 848 1745 nimirum
865 1706 1064 1751 direxisset,
1094 1704 1241 1743 videtur
1257 1703 1433 1753 abrupisse
1450 1703 1550 1739 filum
1572 1704 1688 1750 inqui-

176 1763 378 1802 fitionisz&
402 1775 596 1801 contentus
619 1763 876 1801 meditationes
901 1760 1170 1811 metaphyficas
1195 1760 1234 1796 δι
1252 1758 1446 1808 specimina
1463 1759 1688 1808 geometrica

179 1818 336 1865 dedisse,
366 1818 497 1869 quibus
514 1819 709 1856 hominum
728 1819 855 1854 oculos
874 1819 910 1853 in
928 1816 962 1852 se
979 1825 1221 1852 converteret.
1282 1814 1340 1849 De
1365 1813 1507 1861 reliquo
1525 1823 1689 1848 naturam

178 1879 397 1923 corporum,
427 1873 637 1910 Medicinae
657 1872 789 1916 caussa,
805 1872 974 1908 excolere
993 1869 1190 1906 constituit:
1219 1867 1319 1905 re&e
1336 1867 1526 1917 profeSto,
1542 1866 1567 1903 si
1583 1878 1688 1903 antea

178 1927 334 1979 pensum
349 1926 451 1964 Ideas
469 1928 580 1963 animi
597 1925 791 1962 ordinandi
808 1924 1027 1969 absolviss'et,
1058 1923 1142 1960 inde
1162 1925 1259 1960 enim
1276 1924 1339 1959 lux
1357 1924 1494 1959 oritura
1513 1933 1588 1958 crat
1605 1921 1688 1970 ipsis

178 1983 461 2033 experimentis,
492 1993 608 2030 major
632 1993 743 2029 quam
767 1979 867 2016 credi
891 1978 1007 2029 possit.
1067 1979 1145 2016 Cur
1163 1991 1255 2029 ergo
1271 1978 1342 2014 huc
1357 1979 1519 2014 animum
1537 1989 1612 2013 non
1631 1989 1690 2025 ap-

179 2038 349 2089 plicuerit
363 2036 477 2074 caussa
494 2037 590 2073 nulla
609 2036 675 2072 alia
693 2034 760 2072 esse
775 2033 913 2084 potest,
943 2047 1052 2082 quam
1070 2033 1240 2082 quodrei
1254 2034 1434 2070 rationem
1461 2033 1500 2069 ὃς
1522 2033 1597 2067 vim
1616 2043 1688 2066 non

178 2092 261 2130 satis
285 2092 400 2129 fuisset
425 2092 548 2128 animo
570 2090 763 2136 assecutus5
794 2102 877 2126 nam
900 2088 925 2125 si
943 2088 1084 2126 vidisset
1102 2088 1256 2125 modum
1274 2086 1514 2125 constituendi
1532 2084 1689 2122 Philoso-

178 2146 307 2197 phiam
334 2147 567 2191 rationalem,
612 2157 725 2193 aeque
750 2145 846 2180 clare
870 2145 909 2181 &
934 2143 1230 2193 irrefragabiliter
1254 2156 1294 2180 ac
1319 2143 1600 2185 arithmeticam,
1645 2152 1689 2174 an

178 2201 355 2240 credibile
379 2200 429 2239 est
453 2201 519 2238 alia
542 2202 664 2250 potius
689 2212 799 2247 quam
822 2199 891 2234 hac
913 2200 970 2235 via
994 2198 1039 2235 ad
1072 2198 1205 2235 sesiam
1239 2195 1543 2240 constituendam,
1588 2192 1690 2242 quod

178 2267 373 2307 tantopere
396 2255 596 2301 ambiebat,
639 2253 786 2291 usurum
813 2252 921 2290 fuisse.
986 2254 1090 2290 Nam
1113 2252 1206 2290 scena
1228 2253 1396 2302 quidem,
1439 2250 1510 2287 hoc
1532 2247 1690 2338 philost}-

892 2309 1002 2358 Yyy
1352 2302 1357 2306 ”
1552 2304 1652 2354 phan
1680 2303 1692 2338 i
