2164 2844
440 196 515 233 540
576 176 896 218 HISTORIA
941 173 1227 213 LINGVAE
1272 172 1814 212 CHARACTERICAE
1843 175 1915 213 διε.

440 279 511 319 Sed
542 279 636 315 ultra
666 276 782 314 verba
806 273 968 312 eundum
1000 271 1060 310 est.
1120 271 1219 310 Cum
1245 283 1338 309 vero
1364 271 1414 308 ob
1440 270 1694 316 admirabilem
1727 282 1853 308 rerum
1885 283 1974 310 con·

440 337 642 375 nexionem
666 344 866 382 paucarum
889 342 1032 374 rerum,
1063 328 1109 366 ab
1133 329 1210 365 aliis
1234 326 1481 374 diversarum,
1511 339 1687 364 numeros
1713 326 1972 365 charafi’ceristi-

444 404 507 429 cos
532 389 620 426 dare
653 386 910 425 difficillimum
939 383 999 430 fit,
1042 383 1130 421 ideo
1146 385 1295 435 elegans
1322 384 1360 420 ni
1383 382 1491 420 fallor
1517 382 1711 420 artificium
1741 384 1972 433 excogitavi,

441 459 519 496 quo
537 442 678 482 ostendi
696 441 825 493 poffit,
855 439 958 490 quod
974 441 1274 477 ratiocinationes
1296 451 1364 488 per
1386 451 1564 476 numeros
1585 438 1833 488 comprobare
1855 439 1973 476 liceat.

442 504 565 552 Fingo
587 501 711 548 itaque
735 509 911 535 numeros
939 494 1254 533 c11ara&e1·isticos
1279 495 1382 540 illos,
1422 506 1620 544 tantopere
1652 494 1856 540 mirabiles,
1898 495 1973 531 iam

443 557 542 602 dari,
572 555 840 602 observataque
858 553 1008 589 illorum
1028 552 1191 601 generali
1207 552 1436 600 proprietate
1455 549 1626 599 quadam,
1643 550 1775 587 talibus
1794 552 1972 596 numeris,

443 614 716 663 qualescunque
737 610 885 646 interim
907 607 1066 653 assumo,
1096 605 1208 655 usque
1232 606 1404 643 adhibitis
1427 605 1544 643 statim
1560 605 1717 643 mirabili
1734 606 1876 643 ratione
1895 618 1974 642 om-

445 681 511 706 nes
533 668 681 718 regulas
705 666 867 715 Logicas
890 676 960 713 per
980 674 1156 699 numeros
1179 660 1393 699 demonstro
1418 662 1457 699 ὃς
1478 660 1650 707 ostendo,
1694 660 1889 711 quomodo
1913 673 1974 698 co·

443 723 572 776 gnosci
595 720 706 772 poffit
729 734 775 758 an
791 720 1129 770 argumentationes
1154 716 1334 766 quaedam
1352 716 1419 753 sint
1437 718 1475 753 in
1492 716 1612 754 forma
1628 717 1759 754 bonae.
1802 718 1864 754 An
1880 728 1975 754 vero

446 789 664 830 argumenta
685 778 724 814 vi
746 776 921 812 materiae
942 774 1041 810 bona
1068 772 1136 810 sint
1160 784 1219 809 aut
1241 771 1481 816 concludant,
1520 783 1599 809 turn
1625 771 1777 810 demum
1799 771 1874 809 sine
1898 771 1977 809 ullo

448 836 574 872 labore
599 833 711 870 animi
733 842 793 868 aut
817 829 964 867 errandi
988 829 1155 876 periculo
1176 826 1328 864 iudicari
1351 827 1511 876 poterit,
1542 839 1626 864 cum
1648 827 1717 877 ipsi
1732 829 1814 866 veri
1827 827 1976 866 numeri

451 888 688 928 characterici
703 899 828 925 rerum
844 883 1092 922 habebuntur.

1893 2264 1980 2302 ΤΑ-
