2164 2844
469 195 550 244 ’με
611 185 1114 231 DIFFICVLTATES
1172 183 1487 237 QVAEDAM
1546 184 1848 227 LOGICAE.

471 293 582 330 etiam
600 290 663 327 AB
681 289 720 326 δε
735 287 799 325 ΑΒ
816 287 889 324 Ens
905 284 1177 334 aequivalerent
1195 295 1323 322 contra
1337 283 1538 322 assumtum.
1597 285 1651 322 Ita
1669 297 1800 323 omnes
1822 283 1991 337 proposi-

472 349 592 386 tiones
618 346 756 395 logicas
783 343 1009 392 categoricas
1026 339 1238 378 reduximus
1255 339 1301 377 ad
1317 341 1496 377 calculum
1512 341 1891 391 aequipollentiatum.

586 400 787 438 Caeterum
803 398 889 434 hinc
908 398 1017 434 etiam
1033 394 1254 433 manifestius
1270 407 1423 446 apparet
1439 395 1523 433 fons
1542 398 1678 433 erroris
1694 397 1733 433 in
1754 397 1815 433 tali
1838 409 1994 435 conver·

474 458 575 496 sione
607 457 718 493 onmis
741 453 859 491 ridens
882 453 927 500 est
948 453 1065 497 homo,
1108 464 1192 502 ergo
1214 451 1354 502 quidam
1381 451 1479 488 homo
1504 453 1548 499 est
1573 451 1708 499 ridens,
1753 465 1838 489 curn
1871 463 1993 498 tamen

474 513 555 551 fieri
571 510 686 562 poss'et
702 511 742 548 &
757 509 838 547 fieri
857 506 1026 558 potuisset
1044 517 1083 544 ut
1098 507 1215 544 nuilus
1233 507 1349 543 homo
1365 520 1462 543 nunc
1487 519 1617 544 revera
1641 507 1775 553 rideat,
1805 509 1882 545 imo
1905 520 1995 546 nun-

475 581 586 618 quam
603 565 736 611 riserit,
766 566 843 601 imo
860 575 899 600 ut
916 564 1035 600 nullus
1050 562 1167 599 homo
1184 560 1368 599 exstiterit.
1426 562 1563 600 Omnis
1582 561 1706 600 ridens
1724 562 1775 601 est
1790 562 1907 600 homo
1925 564 1947 600 i.
1964 575 1995 602 e.

477 623 604 661 ridens
633 622 673 659 &
703 620 828 657 ridens
858 619 975 656 homo
1000 618 1240 666 aequivalent.
1298 617 1369 654 Sed
1395 616 1519 655 ridens
1543 617 1592 654 est
1615 619 1689 655 Ens
1713 631 1759 656 ex
1785 618 1996 669 hypothesi.

475 680 580 729 Ergo
605 676 728 714 ridens
757 676 873 712 homo
900 673 949 711 est
974 674 1069 719 Ens,
1100 672 1158 709 seu
1182 671 1331 721 quidam
1355 673 1473 710 horno
1497 672 1547 709 est
1570 672 1706 712 ridens.
1764 674 1841 710 Ubi
1860 673 1938 711 Ens
1957 676 1998 711 in

477 732 751 784 propositione,
780 730 878 766 lzomo
896 727 1014 765 ridens
1029 729 1073 776 est
1088 727 1165 764 Ens
1180 727 1314 765 eodem
1328 726 1444 764 modo
1462 727 1551 764 sumi
1573 727 1683 765 debet
1704 740 1743 765 ut
1766 730 1805 766 in
1829 728 1997 780 proposi-

475 791 579 826 tione
604 787 722 824 ridens
747 786 791 834 est
807 784 901 829 Em,
932 783 959 820 si
980 783 1139 820 sumatur
1155 783 1232 819 Ens
1248 782 1294 820 de
1311 781 1541 832 poffibilitate
1559 782 1618 819 seu
1633 794 1671 820 ut
1689 783 1730 820 sit
1752 782 1871 821 ridens
1888 786 1926 821 in
1943 795 1996 821 re-

477 846 591 894 gione
618 841 808 886 Idearum3
856 841 965 876 etiam
989 837 1128 888 quidam
1149 838 1247 875 homo
1275 839 1319 883 cst
1343 836 1461 872 ridens
1485 849 1563 873 non
1591 838 1692 873 aliter
1723 840 1840 887 accipi
1869 837 1999 885 debet,

475 911 588 947 quam
604 897 721 933 homo
738 894 855 930 ridens
869 894 913 940 est
928 893 1022 937 Ens,
1050 903 1184 940 nempe
1201 891 1367 940 possibile
1385 889 1444 927 seu
1461 892 1498 927 in
1516 892 1670 940 regione
1687 890 1868 929 Idearum.
1927 894 2000 931 Sed

469 954 507 1004 fi
528 952 646 989 ridens
667 951 710 996 est
732 949 807 985 Ens
831 961 901 997 pro
925 948 986 983 tali
1009 946 1100 983 sumi
1117 947 1273 995 poterit,
1302 958 1505 993 verumque
1530 947 1599 983 erit
1623 947 1782 995 aliquem
1806 946 2000 985 hominem

479 1008 563 1045 aciu
578 1005 708 1043 ridere.
766 1003 871 1040 Idem
887 1001 936 1039 est
953 1001 979 1038 si
995 1000 1284 1051 proceffissemus
1304 1013 1371 1051 per
1386 1000 1561 1047 modum,
1591 1014 1667 1050 quo
1686 1003 1794 1039 etiam
1811 1004 2001 1052 particula-

479 1064 528 1101 ris
547 1060 763 1099 affirmativa
782 1057 828 1095 ad
847 1057 1168 1106 aequipollentiam
1184 1056 1387 1093 reducitur:
1419 1056 1555 1093 Omnis
1582 1056 1706 1094 ridens
1725 1056 1775 1094 est
1793 1057 1910 1095 homo
1929 1059 1950 1095 i.
1970 1070 2001 1096 e.

480 1117 606 1155 ridens
625 1116 664 1153 &
680 1113 804 1151 ridens
824 1114 940 1149 homo
958 1112 1198 1160 aequivalent.
1258 1111 1376 1148 Porro
1397 1111 1521 1149 ridens
1545 1112 1584 1149 &
1600 1111 1726 1150 ridens
1742 1113 1816 1150 Ens
1831 1115 2000 1162 aequiva-

477 1175 563 1210 lent.
622 1172 725 1220 Ergo
747 1168 871 1206 ridens
890 1168 1007 1204 homo
1034 1167 1072 1203 &
1097 1165 1219 1204 ridens
1243 1166 1359 1204 homo
1377 1167 1452 1204 Ens
1476 1167 1726 1216 aequivalent5
1755 1169 1859 1219 Ergo
1883 1169 2003 1206 homo

477 1228 602 1265 ridens
618 1226 657 1263 ὃς
675 1226 791 1262 homo
808 1223 934 1260 ridens
950 1223 1024 1259 Ens
1042 1223 1273 1270 aequivalent
1291 1223 1311 1258 i.
1329 1235 1359 1258 e.
1375 1221 1524 1271 quidam
1548 1223 1666 1259 homo
1692 1222 1742 1259 est
1765 1223 1909 1269 ridens,
1940 1223 2001 1260 sci-

480 1285 564 1320 licet
580 1284 617 1318 in
635 1282 788 1331 regione
807 1278 978 1316 Idearum
994 1276 1053 1314 seu
1067 1288 1106 1313 ut
1122 1277 1239 1314 homo
1257 1276 1381 1314 ridens
1397 1276 1437 1313 sit
1451 1278 1525 1314 Ens
1543 1279 1602 1314 vel
1617 1288 1656 1314 ut
1673 1277 1789 1314 homo
1816 1276 1939 1315 ridens
1962 1279 2008 1327 &v

480 1339 598 1376 homo
615 1336 739 1374 ridens
758 1335 832 1371 Ens
849 1333 1099 1382 aequivaleant
1114 1345 1189 1369 non
1205 1333 1317 1378 ultra,
1348 1344 1468 1380 neque
1492 1331 1642 1380 quidam
1666 1332 1783 1370 homo
1812 1332 1862 1370 est
1878 1332 2002 1372 ridens

479 1392 660 1444 significat
692 1390 775 1427 adiu
797 1390 956 1437 aliquem
978 1388 1170 1425 hominem
1196 1387 1328 1425 ridere.
1387 1387 1513 1425 Verba
1543 1399 1636 1438 ergo
1659 1388 1805 1439 linguae
1830 1388 2003 1439 ambigua

481 1449 578 1494 sunt,
609 1447 886 1496 ambiguitatem
904 1456 995 1480 vero
1014 1442 1181 1480 reduffio
1200 1443 1322 1480 nostra
1344 1443 1448 1480 tollit.

596 1503 696 1539 Hinc
719 1501 827 1538 etiam
852 1510 952 1549 patet
975 1498 1228 1536 Universalem
1245 1497 1516 1535 Affirmativam
1532 1511 1617 1535 cum
1633 1497 1693 1535 sua
1711 1498 1881 1549 opposita
1896 1499 1934 1537 P.
1951 1500 2004 1538 N.

483 1570 564 1596 toto
590 1557 695 1593 coelo
717 1554 865 1591 differre
888 1554 933 1590 ab
949 1553 1154 1591 Universali
1172 1554 1361 1604 Negativa
1387 1566 1470 1589 cum
1495 1553 1553 1590 sua
1571 1553 1758 1603 opposita,
1789 1567 1872 1590 cum
1887 1555 1923 1590 in
1939 1567 2006 1603 po-

482 1612 692 1651 sterioribus
712 1611 785 1646 Ens
803 1608 1006 1652 ass'umatur,
1024 1621 1099 1644 non
1115 1610 1151 1644 in
1168 1609 1364 1658 prioribus.
1409 1609 1450 1645 In
1468 1608 1638 1647 omnibus
1656 1620 1778 1647 tamen
1795 1611 1900 1648 tacite
1921 1608 2006 1646 affu-

483 1671 613 1714 mitur,
638 1666 836 1703 terminum
851 1662 1122 1712 ingredientem
1141 1663 1208 1699 esse
1226 1664 1308 1700 Ens.

653 1721 778 1758 Omne
810 1720 844 1755 A
875 1717 924 1754 est
955 1718 982 1753 B
1014 1719 1035 1753 i.
1063 1730 1092 1754 e.
1124 1718 1188 1754 AB
1219 1724 1234 1758 (²
1265 1719 1309 1753 A.

648 1773 851 1825 Qioddam
883 1774 916 1809 A
948 1785 1023 1809 non
1055 1772 1103 1809 est
1135 1774 1161 1808 B
1193 1774 1214 1809 i.
1239 1785 1268 1809 e.
1299 1773 1363 1808 AB
1394 1785 1471 1809 non
1501 1778 1517 1813 r
1547 1774 1593 1810 A.

649 1831 806 1868 Nullum
836 1830 871 1865 A
903 1827 953 1865 est
983 1829 1021 1864 Β.
1052 1828 1072 1864 i.
1097 1840 1126 1864 e.
1157 1829 1221 1864 AB
1254 1840 1329 1864 non
1356 1827 1405 1864 est
1433 1828 1506 1865 Ens
1537 1827 1595 1865 seu
1622 1829 1686 1865 AB
1712 1841 1787 1866 non
1804 1838 1820 1872 Γ
1839 1830 1903 1866 ΑΒ
1920 1829 2006 1867 Ens.

653 1884 854 1934 Qioddam
886 1884 920 1919 A
952 1882 1001 1919 est
1030 1883 1058 1918 B
1089 1885 1110 1919 i.
1132 1896 1161 1920 e.
1193 1883 1256 1919 AB
1288 1882 1337 1919 est
1368 1883 1442 1919 Ens
1473 1881 1531 1919 seu
1561 1884 1625 1919 AB
1656 1890 1672 1924 ζ’
1700 1885 1764 1920 AB
1796 1885 1878 1922 Ens.

486 1945 541 1981 Ex
559 1943 614 1978 his
631 1951 730 1990 patet
749 1941 786 1976 in
810 1940 913 1975 omni
936 1937 1190 1988 propositione
1216 1937 1431 1974 affirmativa
1453 1937 1703 1987 praedicatum
1727 1938 1796 1976 effe
1817 1940 2007 1989 particula-

486 2011 546 2044 re3
577 1995 635 2033 sed
655 2008 729 2031 non
747 2005 861 2042 aeque
879 2005 978 2043 patet
995 1995 1032 2029 in
1049 1995 1151 2030 omni
1169 1994 1338 2043 negativa
1358 1992 1608 2042 praedicatum
1632 1993 1700 2030 effe
1723 1994 1924 2031 universale
1946 1993 2007 2032 seu

487 2051 684 2090 removeri.
744 2049 974 2085 Generaliter
998 2048 1195 2097 agnoscere
1220 2049 1425 2097 poterimus
1443 2061 1489 2084 an
1506 2050 1683 2085 terminus
1701 2050 1734 2085 A
1751 2050 1809 2086 vel
1828 2050 1856 2086 B
1875 2048 1915 2086 sit
1931 2050 2009 2086 uni-

487 2106 642 2145 versans.
702 2104 737 2140 Si
761 2115 830 2151 pro
856 2104 889 2139 A
909 2104 968 2139 vel
985 2104 1011 2138 Β
1029 2102 1185 2140 substitui
1209 2102 1327 2152 potest
1344 2100 1395 2141 Γ
1411 2104 1445 2139 Α
1464 2104 1521 2139 vel
1542 2101 1593 2141 Γ
1611 2104 1637 2139 Β
1655 2104 1717 2140 ubi
1733 2102 1784 2142 Γ
1799 2102 1919 2154 potest
1937 2103 2007 2141 esse

488 2160 738 2211 quodcunque
756 2170 839 2193 cum
857 2158 882 2193 B
905 2159 1141 2206 compatibile
1162 2159 1259 2194 velut
1277 2157 1309 2194 C
1330 2158 1359 2193 F
1377 2158 1447 2194 &Q
1506 2157 1585 2203 Jam
1604 2171 1649 2195 ex
1666 2159 1731 2195 AB
1748 2166 1764 2201 1⁰
1778 2160 1814 2195 A
1830 2172 1906 2196 non
1926 2160 2009 2196 licet

488 2217 624 2254 inferre
646 2213 681 2249 A
704 2212 755 2254 Γ
770 2211 797 2247 Β
819 2218 835 2253 (³
854 2212 889 2246 A
914 2212 996 2248 licet
1021 2215 1118 2249 enim
1146 2214 1172 2248 Β
1191 2214 1418 2249 contineatur
1438 2213 1473 2249 in
1492 2213 1524 2249 A
1543 2225 1619 2249 non
1634 2212 1720 2250 ideo
1737 2213 1789 2252 Γ
1803 2213 1831 2248 Β
1847 2215 2009 2250 contine-

490 2274 587 2310 bitur
602 2272 639 2307 in
655 2270 700 2306 A.
760 2267 934 2305 Similiter
952 2279 1023 2317 pro
1038 2266 1103 2303 AB
1117 2274 1133 2308 Γ
1148 2266 1213 2302 AB
1229 2268 1303 2305 Ens
1321 2280 1395 2304 non
1414 2267 1567 2305 infertur
1581 2267 1616 2303 A
1631 2266 1683 2308 Γ
1696 2267 1752 2311 ΒΓ
1766 2268 1801 2305 A
1814 2268 1868 2311 Γ
1881 2268 1909 2303 Β
1922 2268 2007 2303 Ens.

1934 2320 2007 2358 Etsi
