2132 2860
320 205 818 244 DIFFICVLTATES
877 205 1184 254 QVAEDAM
1244 180 1541 246 LOGiCA'E.
1603 218 1680 254 517

176 314 311 340 nuntur
328 303 412 351 quia
428 303 767 352 aequipollentiam,
799 315 907 351 quam
924 315 995 339 una
1011 301 1163 340 affirmat
1174 297 1194 349 ,⁴
1220 305 1329 342 altera
1345 314 1455 354 negat
1471 303 1515 340 de
1532 300 1683 348 iisdem3

174 358 216 396 ὃς
234 356 394 395 similiter
410 358 457 394 U.
474 359 523 394 N.
541 358 580 395 δε
597 358 632 394 Ρ.
648 359 693 394 A.
710 369 951 407 opponuntur
976 357 1202 407 impliciter,
1233 361 1316 408 quia
1339 361 1542 403 entitatem,
1572 369 1682 405 quam

175 425 246 450 una
263 411 436 458 affirmat,
467 413 577 450 altera
596 424 706 463 negat
722 412 767 449 dc
787 412 930 450 eodem.
990 413 1035 449 U.
1050 415 1097 450 N.
1115 414 1253 452 &1'.A.
1270 425 1534 451 convertuntur
1551 412 1683 461 simpli-

173 469 283 513 citer,
310 481 394 506 nam
413 481 494 504 cum
514 467 596 504 dico
615 468 679 504 AB
697 466 746 504 est
763 480 837 504 non
857 467 950 512 Ens,
979 469 1036 505 vel
1054 469 1117 504 AB
1134 468 1183 505 est
1199 470 1292 515 Ens,
1322 469 1411 505 nihil
1430 468 1540 505 refert
1559 479 1681 503 utrum

175 522 295 560 dicam
312 524 418 560 etiam
437 524 499 559 BA
519 522 567 559 est
584 523 657 560 Ens
677 524 734 559 vel
752 523 816 558 BA
836 521 886 559 est
909 535 984 559 non
1002 524 1093 569 Ens,
1123 537 1207 561 nam
1227 525 1454 573 aequivalent
1470 524 1533 559 AB
1550 523 1588 559 ἃ.
1606 522 1681 557 BA.

173 577 246 616 Sed
262 579 309 615 U.
326 579 371 615 A.
390 578 428 615 &
443 578 479 614 P.
497 578 548 614 N.
568 590 643 614 non
669 587 933 614 convertuntur
956 576 1182 627 simpliciter,
1213 592 1296 616 nam
1320 579 1386 616 liae
1411 577 1681 628 propositiones

173 634 240 670 AB
252 633 474 683 aequipollet
490 632 556 682 ipsi
567 634 601 668 A
613 633 672 669 vel
690 645 766 668 non
780 633 1001 681 aequipollet
1017 633 1082 682 ipsi
1092 635 1139 678 A,
1158 648 1232 671 non
1249 633 1381 671 eodem
1397 632 1512 670 modo
1528 631 1682 668 tractant

173 689 209 726 A
225 688 264 725 ἃ,
281 688 308 724 Β
328 699 396 725 nec
413 686 497 724 inde
513 686 673 735 sequitur
689 687 754 723 AB
778 688 999 736 aequipollet
1026 689 1083 724 vel
1107 702 1181 725 non
1207 689 1427 738 aequipollet
1451 687 1517 737 ipsi
1536 687 1574 723 B.
1633 686 1683 722 At

172 742 366 780 conversio
389 754 458 792 pei·
479 741 646 779 accidens
673 741 937 791 propositionis
964 741 1219 787 affirmativae,
1264 744 1335 779 hoc
1357 742 1470 779 modo
1493 741 1684 784 rutilatae,

172 796 436 848 praesupponit
460 795 741 834 conversionem
763 796 972 846 simpliciter
989 798 1216 846 particularis
1235 796 1503 841 Affirmativae,
1534 798 1603 833 iam
1624 795 1683 831 de-

172 851 412 890 monstratam
435 852 474 888 &
492 861 681 899 praeterea
697 851 1046 887 demonstrationem
1063 851 1373 889 subalternationis
1390 850 1448 888 seu
1464 849 1685 886 demonstra-

171 909 313 944 tionem
331 905 558 954 particularis
576 902 813 941 affirmativae
831 917 876 940 ex
896 904 1087 941 universali
1106 905 1331 942 affirmativa.
1387 906 1512 943 Omne
1532 906 1565 941 A
1581 904 1628 940 est
1644 905 1683 939 B.

172 962 275 1011 Ergo
291 958 481 1009 quoddam
497 959 532 996 A
549 957 598 995 est
613 959 651 995 B.
710 958 985 996 Demonstratio
1008 958 1055 995 sic
1075 959 1254 1009 procedit.
1313 959 1437 996 Omne
1455 961 1489 995 A
1506 959 1556 997 est
1572 960 1598 995 B
1617 960 1637 994 i.
1655 970 1684 995 e.

171 1016 237 1054 AB
254 1015 456 1063 aequivalet
469 1012 536 1063 ipsi
551 1014 597 1050 A.
655 1013 726 1050 Sed
743 1015 777 1049 A
797 1013 846 1050 est
863 1014 936 1050 Ens
953 1014 1013 1062 (ex
1028 1014 1243 1064 hypothesi)
1263 1015 1364 1063 Ergo
1376 1015 1438 1050 AB
1450 1013 1498 1050 est
1514 1014 1605 1058 Ens,
1624 1014 1684 1050 i.e.

173 1069 363 1119 quoddam
379 1071 413 1106 A
429 1068 479 1106 est
494 1069 532 1105 Β.
591 1067 662 1106 Sed
686 1070 769 1116 quia
792 1070 870 1118 pari
894 1069 970 1105 iure
993 1070 1100 1105 etiam
1128 1081 1272 1119 poterat
1296 1069 1367 1105 dici
1390 1070 1454 1105 BA
1471 1067 1520 1105 est
1536 1069 1609 1104 Etis
1625 1067 1684 1104 seu

172 1124 364 1174 quoddam
382 1125 409 1161 B
425 1123 474 1161 est
491 1125 526 1161 A
543 1123 629 1160 hinc
650 1124 808 1160 habebas
826 1124 896 1159 iam
917 1123 1196 1161 conversionem
1220 1137 1286 1173 per
1309 1123 1475 1160 accidens
1495 1122 1554 1160 seu
1574 1123 1684 1159 talem

172 1179 449 1218 collee’tionem:
480 1178 607 1217 Omne
626 1179 660 1215 A
679 1177 729 1216 est
745 1179 791 1223 B,
823 1190 914 1228 ergo
935 1177 1122 1226 quoddam
1145 1180 1171 1215 B
1188 1178 1236 1216 est
1252 1181 1296 1215 A.

290 1234 501 1283 Universszlis
522 1236 684 1285 negativa
707 1235 815 1270 etiam
834 1234 999 1270 converti
1023 1233 1140 1282 potest
1164 1246 1230 1283 per
1254 1232 1440 1278 accidens,
1471 1232 1532 1269 sed
1556 1231 1593 1268 id
1611 1233 1681 1268 alio

170 1289 289 1329 modo
316 1288 602 1334 demonstratur,
637 1302 721 1326 nam
748 1290 913 1325 converti
939 1287 1056 1337 potest
1080 1288 1288 1338 fimpliciter
1312 1289 1351 1325 δε
1376 1287 1572 1325 conversae
1595 1286 1683 1323 sumi

171 1344 291 1396 potest
307 1344 520 1389 subalterna.
579 1343 873 1381 Coiiversionem
894 1344 969 1379 eius
992 1342 1202 1393 fimpliciter
1221 1342 1425 1393 permissam
1443 1344 1514 1378 iam
1530 1342 1682 1379 demon-

171 1399 372 1438 stravimus.
431 1398 599 1450 Superest
623 1409 661 1435 ut
685 1400 722 1435 in
741 1410 782 1435 ea
804 1397 1093 1435 demonstremus
1118 1398 1468 1435 subalternationem.
1527 1398 1682 1434 Nullum

172 1456 208 1492 A
224 1454 273 1493 est
288 1456 334 1502 133
365 1455 467 1504 Ergo
486 1453 678 1502 quoddam
697 1454 730 1490 A
755 1466 830 1489 non
849 1452 898 1489 est
915 1454 952 1489 Β.
1012 1453 1162 1503 Nempe
1188 1454 1327 1490 nullum
1353 1454 1387 1489 A
1411 1452 1459 1489 est
1482 1453 1509 1488 B
1533 1453 1553 1488 i.
1569 1464 1597 1488 e.
1617 1451 1680 1487 AB

173 1509 223 1548 est
239 1510 422 1556 non-Ens3
453 1510 556 1558 Ergo
581 1510 645 1545 AB
673 1521 748 1545 non
771 1509 973 1556 aequivalet
994 1507 1060 1557 ipsi
1079 1509 1111 1544 A
1140 1509 1238 1557 (quia
1255 1509 1289 1544 A
1309 1506 1357 1544 est
1374 1508 1460 1555 Ens)
1485 1509 1505 1544 i.
1522 1520 1550 1544 e.
1567 1505 1682 1555 quod-

172 1564 258 1603 dam
274 1566 309 1601 A
329 1577 404 1601 non
421 1563 470 1601 est
487 1564 524 1600 B.
585 1564 783 1600 Caeterum
807 1564 890 1611 quia
915 1563 1052 1599 nullum
1078 1564 1111 1598 A
1138 1562 1187 1600 est
1203 1564 1230 1598 B
1254 1565 1274 1599 i.
1290 1575 1318 1599 e.
1337 1564 1420 1610 quia
1435 1563 1501 1598 AB
1520 1561 1569 1598 est
1592 1573 1681 1597 non-

171 1620 247 1657 Ens
266 1618 408 1657 &ideo
423 1619 488 1655 BA
505 1620 611 1655 etiam
632 1618 681 1655 est
707 1618 902 1661 non-Ens,
935 1619 1042 1654 etiam
1065 1617 1130 1653 BA
1156 1630 1231 1654 non
1256 1617 1457 1665 aequivalet
1480 1616 1545 1666 ipsi
1572 1617 1599 1652 B
1623 1615 1681 1652 seu

173 1675 280 1711 etiam
299 1672 487 1724 quoddam
506 1674 532 1709 B
551 1686 627 1710 non
643 1672 691 1710 est
709 1674 753 1709 A.
811 1672 1003 1709 Habemus
1022 1684 1115 1722 ergo
1135 1672 1219 1708 hinc
1244 1684 1317 1708 tam
1341 1671 1681 1708 subalternationem

171 1741 282 1778 quam
297 1728 578 1766 conversionem
597 1741 664 1777 per
681 1726 848 1764 accidens
864 1738 909 1763 ex
926 1726 1112 1763 universali
1134 1728 1311 1777 negativa.

285 1783 483 1821 Caeterum
502 1784 602 1819 venit
620 1784 657 1819 in
677 1793 838 1818 mentem
857 1783 965 1818 etiam
986 1781 1269 1831 propositiones,
1291 1779 1528 1817 universalem
1545 1780 1681 1829 negati-

171 1851 257 1876 vam
279 1839 319 1876 &
340 1839 373 1875 ei
393 1837 601 1887 oppositam
624 1838 880 1886 particularem
905 1835 1157 1872 affirmativam
1176 1835 1299 1872 reduci
1316 1834 1415 1884 poffe
1434 1834 1479 1872 ad
1495 1835 1680 1884 aequipol-

171 1894 339 1937 lentiam,
370 1892 442 1928 hoc
464 1891 596 1927 modo:
637 1891 791 1927 Nullum
808 1891 843 1926 A
862 1889 910 1926 est
927 1891 953 1926 B
972 1892 991 1926 i.
1009 1902 1038 1927 e.
1056 1891 1120 1926 AB
1139 1890 1187 1927 est
1203 1891 1386 1935 non-Ens,
1417 1891 1524 1927 etiam
1548 1889 1594 1925 sic
1619 1901 1678 1926 ex-

170 1948 282 1997 primi
306 1947 459 1996 poterit:
488 1958 564 1982 non
583 1946 810 1993 aequivalent
827 1945 891 1980 AB
911 1945 949 1981 ἃ.
967 1945 1029 1981 AB
1049 1946 1132 1982 Ens.
1190 1946 1235 1981 Et
1258 1944 1417 1981 similiter
1442 1943 1630 1993 quoddam
1644 1945 1679 1980 A

172 2001 222 2040 est
237 2002 264 2038 B
281 2003 303 2039 i.
321 2014 352 2039 e.
372 2001 436 2037 AB
454 1999 504 2037 est
520 2001 613 2045 Etis,
645 2001 751 2036 etiam
777 1998 824 2035 fic
841 2001 998 2048 exprimi
1018 2001 1170 2049 poterit:
1200 2001 1264 2036 AB
1284 2000 1323 2037 &
1341 2001 1404 2036 AB
1422 2000 1494 2037 Ens
1512 1999 1678 2047 aequiva-

169 2057 255 2094 lent.
313 2057 414 2093 Hinc
430 2067 474 2092 ex
493 2054 559 2092 isto
574 2053 783 2092 enuntiandi
804 2053 919 2090 modo
936 2055 1042 2090 etiam
1062 2055 1214 2091 liabetur
1225 2056 1271 2091 U.
1282 2054 1428 2092 N.&P.
1440 2052 1678 2103 A.oppositio

169 2111 211 2149 &
225 2110 424 2148 earundem
446 2109 638 2147 conversio
662 2108 889 2158 simpliciter,
920 2109 1078 2157 itemque
1097 2122 1141 2146 ex
1157 2110 1204 2147 U.
1221 2110 1272 2146 N.
1291 2109 1563 2154 subalternatim
1593 2120 1678 2144 narn

171 2165 247 2204 esto
273 2166 411 2202 nullum
430 2166 464 2201 A
480 2163 529 2202 est
546 2165 593 2209 B,
623 2163 684 2200 fiet
700 2162 784 2200 inde
804 2164 868 2199 AB
889 2163 927 2200 &
942 2164 1006 2200 AB
1024 2165 1097 2201 Ens
1122 2177 1199 2201 non
1222 2165 1460 2212 aequivalent.
1520 2161 1676 2199 Inseren—

171 2220 261 2258 dum
277 2219 326 2257 est
341 2220 427 2256 hinc
438 2246 447 2264 ,
465 2218 652 2267 quoddam
669 2220 703 2254 A
719 2231 795 2254 non
811 2218 878 2254 ess'e
894 2219 921 2254 B
940 2217 997 2254 seu
1014 2232 1089 2255 non
1107 2221 1334 2268 aequivalere
1345 2219 1518 2261 A&AB,
1548 2218 1631 2265 quia
1642 2217 1675 2252 A

172 2275 212 2314 &
228 2276 264 2313 A
279 2275 354 2314 Ens
375 2274 604 2325 aequivalent
627 2285 672 2312 ex
691 2273 909 2325 hypothesi3
940 2273 1070 2321 quodli
1093 2286 1184 2325 ergo
1202 2276 1237 2312 A
1254 2275 1294 2312 &
1310 2273 1677 2325 ABaeqiiivalerent,

884 2329 920 2366 T
932 2340 944 2366 t
956 2339 969 2366 t
1002 2341 1020 2376 3
1566 2327 1674 2364 etiam
