2164 2844
503 198 576 239 508
709 182 1089 225 DIALOGVS
1147 183 1235 223 DE
1294 181 1816 224 CONNEx10NE

500 288 547 324 A.

504 355 542 390 B.

503 465 548 502 A.

505 588 543 624 Β.

506 700 549 735 Α.

504 834 542 870 ss.

571 287 713 323 Nonne
731 296 824 334 ergo
842 283 880 320 &
896 279 1060 320 veritas?

573 352 751 398 Videtur3
782 349 976 386 subdubito
995 358 1118 385 tamen
1134 360 1182 385 an
1203 347 1322 385 valeat
1338 343 1612 395 consequentia.

570 464 713 501 Nonne
729 461 921 513 proposita
942 458 1172 509 quaestione,
1204 469 1403 509 antequam
1425 456 1622 496 sententiae
1644 468 1766 497 certus
1790 456 1856 506 sis,
1886 456 2029 497 dubitas

574 531 755 557 verumne
771 516 908 567 aliquid
924 517 985 555 vel
1002 515 1131 553 falsum
1150 514 1219 553 sit?

574 586 698 624 Certe.

571 696 756 748 Agnoscis
780 708 875 747 ergo
898 694 999 732 idem
1024 692 1095 732 esse
1115 692 1316 743 subjeetum
1334 694 1495 731 veritatis
1514 693 1553 731 &
1570 692 1728 731 falsitatis
1745 703 1880 743 capax,
1910 690 2031 732 donec

575 755 790 791 alterutrum
815 764 861 788 ex
876 751 1088 801 particulari
1105 749 1325 798 quaestionis
1343 756 1473 786 natura
1491 748 1660 786 constet?

572 830 750 882 Agnosco
776 830 815 868 &
839 829 976 874 fateor,
1013 827 1040 864 sl
1066 826 1197 864 falsitas
1223 826 1265 864 fit
1296 827 1566 876 cogitationum
1596 827 1707 862 etiam
1738 826 1932 864 veritatem
1957 824 2028 865 effe

577 888 845 937 cogitationum
870 897 948 921 non
963 896 1101 920 rerum.

544 1028 551 1035 .
575 997 646 1034 Sed
666 997 739 1034 hoc
755 996 805 1032 illi
823 993 1060 1040 contradicit,
1090 991 1193 1042 quod
1209 991 1318 1045 supra
1334 989 1475 1039 dixisti,
1503 1003 1637 1030 verum
1657 989 1729 1030 effe
1753 992 1864 1030 etiam
1886 989 1990 1041 quod
2013 1004 2033 1029 a

576 1054 722 1090 nemine
744 1049 954 1101 cogitatur?

575 1119 800 1168 Perplexum
817 1129 876 1154 me
892 1113 1092 1153 reddidisti.

545 1260 553 1267 .
575 1228 771 1267 Tentanda
793 1239 917 1265 tamen
943 1226 1151 1263 conciliatio
1175 1223 1237 1263 est
1302 1221 1458 1262 Putasne
1482 1235 1614 1261 omnes
1636 1224 1901 1274 cogitationes,
1936 1236 2030 1273 quae

578 1286 657 1323 fieri
682 1284 842 1335 possent,
888 1281 1014 1332 reapse
1040 1281 1213 1326 formari,
1250 1281 1330 1327 vel,
1369 1291 1409 1318 ut
1433 1281 1564 1317 clarius
1587 1281 1661 1317 iarn
1687 1279 1828 1326 dicam,
1873 1290 2031 1350 putasne

579 1354 711 1379 omnes
728 1338 1002 1391 propositiones
1020 1335 1203 1388 cogitari?

574 1410 668 1447 Non
685 1419 789 1458 puto.

578 1520 694 1557 Vides
713 1532 805 1570 ergo
821 1519 1016 1556 veritatem
1034 1515 1103 1554 esse
1121 1514 1421 1567 propositionum
1445 1512 1504 1551 seu
1527 1512 1817 1564 cogitationum,
1847 1511 1910 1551 sed
1924 1511 2033 1563 posfi-

578 1577 724 1620 bilium,
754 1576 802 1610 ita
817 1572 959 1610 utillud
976 1572 1098 1609 saltem
1117 1583 1259 1608 certum
1277 1570 1337 1617 sit,
1368 1570 1395 1607 11
1412 1571 1493 1618 quis
1517 1569 1590 1606 hoc
1616 1580 1677 1606 aut
1702 1569 1889 1607 contrario
1913 1567 2029 1606 modo

579 1632 737 1681 cogitet,
767 1629 1031 1679 cogitationem
1051 1628 1126 1663 eius
1143 1639 1209 1663 vei
1212 1639 1269 1663 am
1286 1638 1346 1663 aut
1362 1625 1486 1662 falsam
1501 1623 1610 1662 fore?

577 1706 692 1744 Reate
709 1717 778 1742 nos
796 1701 993 1754 expediisse
1010 1694 1148 1739 videris
1174 1713 1221 1738 ex
1237 1700 1379 1737 lubrico
1397 1700 1494 1737 loco.

578 1818 650 1855 Sed
670 1817 845 1866 quoniam
864 1813 1016 1851 caussam
1035 1814 1193 1862 aliquam
1217 1810 1334 1848 adeffe
1357 1808 1496 1847 necess‘e
1521 1808 1590 1855 est,
1621 1822 1687 1845 cur
1710 1809 1886 1860 cogitatio
1910 1810 2031 1860 aliqua

580 1888 604 1910 x
607 1887 667 1910 eia
683 1884 743 1909 aut
761 1870 842 1908 falsa
858 1869 978 1907 futura
996 1868 1056 1916 iit,
1087 1868 1181 1906 hanc
1201 1867 1263 1904 ubi
1280 1865 1414 1916 quaeso
1436 1863 1682 1915 quaeremus?

578 1942 620 1977 In
636 1951 762 1977 natura
780 1951 905 1975 rerum
922 1948 1025 1987 puto

580 2049 683 2099 Qud
698 2048 722 2085 si
738 2061 778 2085 ea
795 2050 932 2085 oriatur
956 2060 1001 2085 ex
1019 2058 1146 2084 natura
1165 2045 1275 2083 Tua'?

580 2116 693 2153 Certe
716 2126 793 2150 non
818 2125 863 2149 ex
887 2112 979 2159 sola3
1027 2126 1113 2149 nam
1136 2110 1276 2149 necesse
1301 2110 1350 2149 est
1376 2110 1416 2148 &
1438 2121 1561 2147 meam
1584 2108 1624 2146 &
1648 2120 1790 2154 rerum,
1822 2107 1869 2144 de
1894 2085 2026 2157 quibus

581 2172 728 2220 coeffito
759 2179 924 2205 naturam
941 2169 1049 2204 talem
1074 2166 1160 2212 effe,
1191 2178 1249 2213 ut,
1281 2165 1430 2215 quando
1454 2164 1636 2202 methodo
1659 2165 1822 2214 legitima
1845 2164 2025 2213 procedo,

580 2197 893 2278 propositionem,
925 2221 970 2259 de
992 2235 1061 2270 qua
1077 2223 1216 2272 agitur,
1246 2221 1306 2259 sen
1322 2234 1450 2259 veram
1467 2219 1528 2257 seu
1544 2219 1668 2257 falsam
1687 2218 1916 2256 concludam.

1891 2328 2025 2364 A.Pu1-
